% This file was created with JabRef 2.10b2.
% Encoding: UTF-8


@Conference{Alatza2015a,
  Title                    = {Monitoring ground motion in Amorgos island, Greece with Persistent Scatterer Interferometry},
  Author                   = {S Alatza and I Papoutsis and D Paradissis},
  Booktitle                = {The Volcanic and Geodynamic Field of the South Aegean, International Workshop, 20-22 May, Santorini, Greece},
  Year                     = {2015},

  Owner                    = {danast},
  Timestamp                = {2015.11.14}
}

@Conference{Alatza2015,
  Title                    = {Tectonic field and deformation in Chalkidiki area, Greece},
  Author                   = {Stavroula-Drosoula Alatza and Aggeliki Marinou and Demitris Anastasiou and Xanthos Papanikolaou and Demitris Paradissis},
  Booktitle                = {European Geosciences Union General Assembly 2015, Vienna, Austria, 12 - 17 April 2015},
  Year                     = {2015},

  Owner                    = {danast},
  Timestamp                = {2015.11.14}
}

@Conference{Anastasiou2015,
  Title                    = {Geodetic and seismological analysis of the January 26, 2014 Cephalonia Island earthquake sequence.},
  Author                   = {D Anastasiou and G Chouliaras and X Papanikolaou and A Marinou and V Zacharis and J Galanis and G Drakatos and D Paradissis},
  Booktitle                = {26th General Assembly of the International Union of Geodesy and Geophysics,Prague, Czech Republic, 22/6 - 2/7},
  Year                     = {2015},

  Owner                    = {danast},
  Timestamp                = {2015.11.14}
}

@Conference{Anastasiou2010,
  Title                    = {Crustal deformation in the Patras Gulf, Greece, from GPS data analysis},
  Author                   = {Demitris Anastasiou and Aggeliki Marinou and Christiana Mitsakaki and Kalliope Papazissi and Xanthos Papanikolaou and Demitris Paradissis},
  Booktitle                = {15th General Assembly of WEGENER, 14 - 17 September 2010, Istanbul, Turkey},
  Year                     = {2010},

  Owner                    = {danast},
  Timestamp                = {2015.11.14}
}

@Conference{Anastasiou2015a,
  Title                    = {GNSS processing at DSO: recent activity and current status},
  Author                   = {D Anastasiou and X Papanikolaou and A Marinou and V Zacharis and S Alatza and D Paradissis},
  Booktitle                = {EUREF ACworkshop2015, 14-15 October 2015, Astronomical Institute, University of Bern, Switzerland.},
  Year                     = {2015},

  Owner                    = {danast},
  Timestamp                = {2015.11.14}
}

@Conference{Anastasiou2009,
  Title                    = {Crustal Deformation from GPS measurements at the Ionian Sea : Preliminary Results},
  Author                   = {D Anastasiou and D Paradissis and A Ganas and A Marinou and K Papazissi and G Drakatos  and K Makropoulos},
  Booktitle                = {International Technical Laser Workshop on SLR Tracking of GNSS Constellations, Metsovo, Greece, 14-19 September 2009.},
  Year                     = {2009},

  Owner                    = {danast},
  Timestamp                = {2015.11.14}
}

@Conference{Anastasiou2009a,
  Title                    = {Crustal Deformation from GPS measurements at the Ionian Sea: Results from 3 years of observations},
  Author                   = {D Anastasiou and D Paradissis and A Ganas and A Marinou and K Papazissi and G Drakatos  and K Makropoulos},
  Booktitle                = {2nd Int.Workshop Advances in understanding crustal deformation in SE Europe using GNSSystems, Nevrokopi, Greece},
  Year                     = {2009},

  Owner                    = {danast},
  Timestamp                = {2015.11.14}
}

@Article{Drakatos2013,
  Title                    = {Joint approach using satellite techniques for slope instability detection and monitoring},
  Author                   = {George Drakatos and Demetris Paradissis and Demitris Anastasiou and Panagiotis Elias and Aggeliki Marinou and Konstantinos Chousianitis and Xanthos Papanikolaou and Evangelos Zacharis and Panagiotis Argyrakis and Kalliopi Papazissi and Konstantinos Makropoulos},
  Journal                  = {International Journal of Remote Sensing},
  Year                     = {2013},

  Month                    = {March},
  Number                   = {6},
  Pages                    = {1879-1892},
  Volume                   = {34},

  Doi                      = {10.1080/2150704X.2012.731089},
  Owner                    = {danast},
  Timestamp                = {2015.11.14}
}

@Conference{Drakatos2012,
  Title                    = {Monitoring slope instability using a combined GPS and InSAR approach.},
  Author                   = {G Drakatos and D Paradissis and D Anastasiou and P Elias and A Marinou and K Chousianitis and X Papanikolaou and V Zacharis and P Argyrakis and P Papazissi and K Makropoulos},
  Booktitle                = {33rd General Assembly, European Seismological Commission, Augoust 19-24, 2012, Moscow, Russia.},
  Year                     = {2012},

  Owner                    = {danast},
  Timestamp                = {2015.11.14}
}

@Article{ganas13ionio,
  Title                    = {GPS-derived estimates of crustal deformation in the central and north Ionian Sea, Greece: 3-yr results from NOANET continuous network data},
  Author                   = {A Ganas and A Marinou and D Anastasiou and D Paradissis and K Papazissi and P Tzavaras and G Drakatos},
  Journal                  = {Journal of Geodynamics},
  Year                     = {2013},
  Pages                    = {62-71},
  Volume                   = {67},

  Doi                      = {10.1016/j.jog.2012.05.010},
  Owner                    = {danast},
  Timestamp                = {2015.11.14}
}

@Conference{Kotrotsi2015,
  Title                    = {A deformation Study in South Attiki and East Peloponnese},
  Author                   = {Elena Kotrotsi and A Marinou and D Anastasiou and X Papanikolaou and D Paradissis},
  Booktitle                = {The Volcanic and Geodynamic Field of the South Aegean, International Workshop, 20-22 May, Santorini, Greece},
  Year                     = {2015},

  Owner                    = {danast},
  Timestamp                = {2015.11.14}
}

@Conference{Marinou2010,
  Title                    = {Deformation studies in the Kaparelli Area, Central Greece},
  Author                   = {Aggeliki Marinou and Athanassios Ganas and Xanthos Papanikolaou and Jaroslaw Bosy and Kalliope Papazissi and Demitris Anastasiou and Demitris Paradissis and George Drakatos and Bernard Kontny and Stefan Cacon and Marios Papanikolaou},
  Booktitle                = {15th General Assembly of WEGENER, 14 - 17 September 2010, Istanbul, Turkey},
  Year                     = {2010},

  Owner                    = {danast},
  Timestamp                = {2015.11.14}
}

@Article{Marinou2015a,
  Title                    = {Strain patterns along the Kaparelliâ€“Asopos rift (central Greece) from campaign GPS data},
  Author                   = {Aggeliki Marinou and Athanassios Ganas and Kalliopi Papazissi and Demitris Paradissis},
  Journal                  = {ANNALS OF GEOPHYSICS},
  Year                     = {2015},
  Number                   = {2},
  Pages                    = {S0219},
  Volume                   = {58},

  Owner                    = {danast},
  Timestamp                = {2015.11.14}
}

@Conference{Marinou2015b,
  Title                    = {A Matlab application for the estimation of Euler pole parameters (EP)},
  Author                   = {A Marinou and V Meglis and K Papazissi and D Paradissis},
  Booktitle                = {26th General Assembly of the International Union of Geodesy and Geophysics,Prague, Czech Republic, 22/6 - 2/7},
  Year                     = {2015},

  Owner                    = {danast},
  Timestamp                = {2015.11.14}
}

@Conference{Marinou2015,
  Title                    = {Deformation study in Central Greece using 20 years of GPS data},
  Author                   = {Aggeliki Marinou and Kaliopi Papazissi and Christiana Mitsakaki and Demitris Paradissis and Xanthos Papanikolaou and Demitris Anastasiou},
  Booktitle                = {European Geosciences Union General Assembly 2015, Vienna, Austria, 12 - 17 April 2015},
  Year                     = {2015},

  Owner                    = {danast},
  Timestamp                = {2015.11.14}
}

@Article{Mitsakaki2013,
  Title                    = {Static stress changes and fault interactions in Lefkada Island, Western Greece},
  Author                   = {C Mitsakaki and  Th Rondoyannie and D Anastasiou and K Papazissi and A Marinou and M Sakellariou},
  Journal                  = {Journal of Geodynamics},
  Year                     = {2013},
  Pages                    = {53-61},
  Volume                   = {67},

  Doi                      = {10.1016/j.jog.2012.04.007},
  Owner                    = {danast},
  Timestamp                = {2015.11.14}
}

@Article{Mitsakaki2013a,
  Title                    = {Coulomb stress changes in active tectonic regions of Greece.},
  Author                   = {C Mitsakaki and M Sakellariou and K Papazissi and D Anastasiou and A Marinou D Paradissis},
  Journal                  = {Honorary Volume in honor of D.Vlachos, Professor of the Aristotle University of Thessaloniki},
  Year                     = {2013},

  Owner                    = {danast},
  Timestamp                = {2015.11.14}
}

@Conference{Papanikolaou2015,
  Title                    = {Routine Analysis of all available GNSS Stations in Greece: Processing Scheme and Dissemination of Products and Data.},
  Author                   = {Xanthos Papanikolaou and Demitris Anastasiou and Aggeliki Marinou and Vangelis Zacharis and Demitris Paradissis},
  Booktitle                = {European Geosciences Union General Assembly 2015, Vienna, Austria, 12 - 17 April 2015},
  Year                     = {2015},

  Owner                    = {danast},
  Timestamp                = {2015.11.14}
}

@Conference{Papanikolaou2015a,
  Title                    = {Routine Analysis of all available GNSS Stations in Greece: Data, products and preliminary results},
  Author                   = {X Papanikolaou and D Anastasiou and A Marinou and V Zacharis and D Paradissis},
  Booktitle                = {The Volcanic and Geodynamic Field of the South Aegean, International Workshop, 20-22 May, Santorini, Greece},
  Year                     = {2015},

  Owner                    = {danast},
  Timestamp                = {2015.11.14}
}

@Conference{Papanikolaou2015b,
  Title                    = {Routine analysis of GNSS stations in South Aegean: Processing scheme, results and dissemination of products and data.},
  Author                   = {X Papanikolaou and D Anastasiou and A Marinou and V Zacharis and D Paradissis},
  Booktitle                = {26th General Assembly of the International Union of Geodesy and Geophysics,Prague, Czech Republic, 22/6 - 2/7},
  Year                     = {2015},

  Owner                    = {danast},
  Timestamp                = {2015.11.14}
}

@Conference{Papanikolaou2015c,
  Title                    = {Planning DSO Contribution to EUREF Densification},
  Author                   = {X Papanikolaou and D Anastasiou and V Zacharis and A Marinou and E Tita and D Paradissis},
  Booktitle                = {EUREF ACworkshop2015, 14-15 October 2015, Astronomical Institute, University of Bern, Switzerland.},
  Year                     = {2015},

  Owner                    = {danast},
  Timestamp                = {2015.11.14}
}

@Conference{Papanikolaou2010,
  Title                    = {An automated processing scheme designed for all available permanent GPS stations in Greece},
  Author                   = {Xanthos Papanikolaou and Aggeliki Marinou and Christiana Mitsakaki and Kalliope Papazissi and Demitris Paradissis and Vangelis Zacharis and Demitris Anastasiou},
  Booktitle                = {15th General Assembly of WEGENER, 14 - 17 September 2010, Istanbul, Turkey},
  Year                     = {2010},

  Owner                    = {danast},
  Timestamp                = {2015.11.14}
}

@Conference{Papanikolaou2009,
  Title                    = {Statistical evaluation of the deformation pattern derived from GPS data for the Kaparelli area},
  Author                   = {X Papanikolaou and K Papazissi and A Ganas and D Paradissis and C Mitsakaki and A Marinou and J Bosy and G Drakatos and B Kontny and S Cacon},
  Booktitle                = {2nd Int.Workshop Advances in understanding crustal deformation in SE Europe using GNSSystems, Nevrokopi, Greece},
  Year                     = {2009},

  Owner                    = {danast},
  Timestamp                = {2015.11.14}
}

@Article{Papazissi2010,
  Title                    = {Deformation studies in the Gulf of Patras, Western Greece},
  Author                   = {K Papazissi and D Anastasiou and A Marinou and C Mitsakaki and X Papanikolaou and D Paradissis},
  Journal                  = {Honorary Volume in honor of D.Arabelo, Professor of the Aristotle University of Thessaloniki},
  Year                     = {2010},

  Owner                    = {danast},
  Timestamp                = {2015.11.14}
}

@Conference{Paradissis2014,
  Title                    = {Automatic processing data of permanent geodetic GNSS stations for high precision studies.},
  Author                   = {D Paradissis and D Anastasiou and X Papanikolaou and A Marinou and V Zacharis},
  Booktitle                = {4th National Conference of Surveying and Rural Engineers, Thessaloniki, 26 to 27 September 2014},
  Year                     = {2014},

  Owner                    = {danast},
  Timestamp                = {2015.11.14}
}

@Conference{Paradissis2015,
  Title                    = {South Aegean Geodynamic And Tsunami Monitoring Platform},
  Author                   = {Demitris Paradissis and George Drakatos and Aggeliki Marinou  and Demitris Anastasiou and Stauroula Alatza and Vangelis Zacharis and Xanthos Papanikolaou and Nicolaos Melis and Ioannis Kalogeras and Gerasimos Chouliaras and Christos Evangelidis and Konstantinos Makropoulos},
  Booktitle                = {European Geosciences Union General Assembly 2015, Vienna, Austria, 12 - 17 April 2015},
  Year                     = {2015},

  Owner                    = {danast},
  Timestamp                = {2015.11.14}
}

@Conference{Paradissis2015a,
  Title                    = {SEISMO: A multiparametric platform to monitor natural Hazard in South Aegean},
  Author                   = {D Paradissis and G Drakatos and A Marinou and D Anastasiou and S Alatza and V Zacharis and X Papanikolaou and N Melis and I Kalogeras and G Chouliaras and C Evangelidis and K Makropoulos},
  Booktitle                = {The Volcanic and Geodynamic Field of the South Aegean, International Workshop,20-22 May, Santorini, Greece},
  Year                     = {2015},

  Owner                    = {danast},
  Timestamp                = {2015.11.14}
}

@Conference{Paradissis2015b,
  Title                    = {South Aegean geodynamic and tsunami monitoring platform project: Preliminary results},
  Author                   = {D Paradissis and G Drakatos and A Marinou and D Anastasiou and S-D Alatza and V Zacharis and X Papanikolaou and N Melis and I Kalogeras and G Chouliaras and C Evangelidis and K Makropoulos.},
  Booktitle                = {26th General Assembly of the International Union of Geodesy and Geophysics,Prague, Czech Republic, 22/6 - 2/7},
  Year                     = {2015},

  Owner                    = {danast},
  Timestamp                = {2015.11.14}
}

@Conference{Zacharis2015,
  Title                    = {Monitoring sea level fluctuation in South Aegean},
  Author                   = {Vangelis Zacharis and Demitris Paradissis and George Drakatos and Aggeliki Marinou and Nicolaos Melis and Demitris Anastasiou and Stavroula Alatza and Xanthos Papanikolaou},
  Booktitle                = {European Geosciences Union General Assembly 2015, Vienna, Austria, 12 - 17 April 2015},
  Year                     = {2015},

  Owner                    = {danast},
  Timestamp                = {2015.11.14}
}

@Conference{Zacharis2015a,
  Title                    = {Evaluating sea level changes in South Aegean},
  Author                   = {V Zacharis and D Paradissis and G Drakatos and A Marinou and N Melis and D Anastasiou and S Alatza and X Papanikolaou},
  Booktitle                = {The Volcanic and Geodynamic Field of the South Aegean, International Workshop, 20-22 May, Santorini, Greece},
  Year                     = {2015},

  Owner                    = {danast},
  Timestamp                = {2015.11.14}
}

