% This file was created with JabRef 2.10.
% Encoding: UTF-8


@Article{Nyst2004,
  Title                    = {{New constraints on the active tectonic deformation of the Aegean}},
  Author                   = {M.C.J. Nyst and W. Thatcher},
  Journal                  = {J. Geophys. Res.},
  Year                     = {2004},
  % Note                     = {DOI: \href{http://dx.doi.org/11410.11029/12003JB002830}{11410.11029/12003JB002830}},
  Pages                    = {B11406},
  Volume                   = {109},

  Crossref                 = {http://onlinelibrary.wiley.com/doi/10.1029/2003JB002830/abstract},
  Doi                      = {11410.11029/12003JB002830},
  Owner                    = {mitsos},
  Timestamp                = {2016.02.02}
}

@Manual{coulomb33,
  Title                    = {{Coulomb 3.3 Graphic - Rich Deformation and Stress - Change Software for Earthquake, Tectonic, and Volcano Research and Teaching — User Guide}},

  Address                  = {U.S. Geological Survey, Reston, Virginia},
  Author                   = {Shinji Toda and Ross S. Stein and Volkan Sevilgen and Jian Lin},
  Organization             = {U.S. Geological Survey Open-File Report},
  Year                     = {2011},

  Crossref                 = {http://pubs.usgs.gov/of/2011/1060/},
  Owner                    = {mitsos},
  Timestamp                = {2016.03.28},
  % Url                      = {http://pubs.usgs.gov/of/2011/1060/}
}

@Article{Adamova2009,
  Title                    = {Problematic non-double-couple mechanism of the 2002 Amfilochia M(w)5 earthquake, Western Greece},
  Author                   = {Adamova,P. and Sokos,E. and Zahradnik,J.},
  Journal                  = {Journal of Seismology},
  Year                     = {2009},
  Number                   = {1},
  Pages                    = {1-12},
  Volume                   = {13},

  Doi                      = {10.1007%2Fs10950-008-9112-4},
  Owner                    = {danast},
  Timestamp                = {2015.11.14}
}

@Article{Balodimou1994,
  Title                    = {Tectonic deformation in the {C}orinthian {G}ulf from geodetic data},
  Author                   = {A-M Agatza-Balodimou and C Mitsakaki and K Papazissi and G Veis},
  Journal                  = {Technika Chronika},
  Year                     = {1994},
  Number                   = {3},
  Pages                    = {271–285},
  Volume                   = {14},

  Owner                    = {danast},
  Timestamp                = {2015.11.14}
}

@Conference{Alatza2015a,
  Title                    = {Monitoring ground motion in {A}morgos island, {G}reece with {P}ersistent {S}catterer {I}nterferometry},
  Author                   = {S Alatza and I Papoutsis and D Paradissis},
  Booktitle                = {The Volcanic and Geodynamic Field of the South Aegean, International Workshop, 20-22 May, Santorini, Greece},
  Year                     = {2015},

  Owner                    = {danast},
  Timestamp                = {2015.11.14}
}

@Conference{Alatza2015,
  Title                    = {Tectonic field and deformation in Chalkidiki area, Greece},
  Author                   = {Stavroula-Drosoula Alatza and Aggeliki Marinou and Demitris Anastasiou and Xanthos Papanikolaou and Demitris Paradissis},
  Booktitle                = {European Geosciences Union General Assembly 2015, Vienna, Austria, 12 - 17 April 2015},
  Year                     = {2015},

  Owner                    = {danast},
  Timestamp                = {2015.11.14}
}

@Article{Allman1966,
  Title                    = {{A}ngles and {D}irections},
  Author                   = {Allman, J. S. and Bennett, G. G.},
  Journal                  = {Survey Review},
  Year                     = {1966},
  Pages                    = {219-228},
  Volume                   = {139},

  Owner                    = {danast},
  Timestamp                = {2016.01.31}
}

@Article{Altamimi2011,
  Title                    = {{ITRF2008}: an improved solution of the {I}nternational {T}errestrial {R}eference {F}rame},
  Author                   = {Zuheir Altamimi and Xavier Collilieux and Laurent Métivier},
  Journal                  = {Journal of Geodesy},
  Year                     = {2011},

  Month                    = {August},
  Number                   = {8},
  Pages                    = {457–473},
  Volume                   = {85},

  Doi                      = {10.1007/s00190-011-0444-4},
  Owner                    = {danast},
  Timestamp                = {2017.06.05}
}

@Article{Ambraseys1997433,
  Title                    = {Seismicity and strain in the {G}ulf {O}f {C}orinth ({G}reece) since 1694},
  Author                   = {Ambraseys, N.N. and Jackson, J.A.},
  Journal                  = {Journal of Earthquake Engineering},
  Year                     = {1997},
  % Note                     = {cited By 51},
  Number                   = {3},
  Pages                    = {433-474},
  Volume                   = {1},

  Document_type            = {Article},
  Source                   = {Scopus},
 }

@Article{Ambraseys2001,
  Title                    = {Reassessment of earthquakes, 1900–1999, in the {E}astern {M}editerranean and the {M}iddle {E}ast.},
  Author                   = {Ambraseys, N. N.},
  Journal                  = {Geophysical Journal International},
  Year                     = {2001},
  % Note                     = {DOI: \href{http://dx.doi.org/10.1046/j.0956-540x.2001.01396.x}{10.1046/j.0956-540x.2001.01396.x}},
  Pages                    = {471-487},
  Volume                   = {145},

  Doi                      = {10.1046/j.0956-540x.2001.01396.x},
  Owner                    = {mitsos},
  Timestamp                = {2016.02.02},
  % Url                      = {http://onlinelibrary.wiley.com/doi/10.1046/j.0956-540x.2001.01396.x/citedby}
}

@Article{Ambraseys1998,
  Title                    = {Faulting associated with historical and recent earthquakes in the {E}astern {M}editerranean region},
  Author                   = {Ambraseys,N. N. and Jackson,J. A.},
  Journal                  = {Geophysical Journal International},
  Year                     = {1998},
  % Note                     = {DOI: \href{http://dx.doi.org/10.1046/j.1365-246X.1998.00508.x}{10.1046/j.1365-246X.1998.00508.x}},
  Number                   = {2},
  Pages                    = {390-406},
  Volume                   = {133},

  Doi                      = {10.1046/j.1365-246X.1998.00508.x},
  Language                 = {English},
  Owner                    = {danast},
  Timestamp                = {2015.11.14},
  % Url                      = {http://gji.oxfordjournals.org/content/133/2/390.short}
}

@Article{Ambraseys1990,
  Title                    = {Seismicity and associated strain of central {G}reece between 1890 and 1988},
  Author                   = {Ambraseys,N. N. and Jackson,J. A.},
  Journal                  = {Geophysical Journal International},
  Year                     = {1990},
  % Note                     = {DOI: \href{http://dx.doi.org/10.1111/j.1365-246X.1990.tb05577.x}{10.1111/j.1365-246X.1990.tb05577.x}},
  Number                   = {3},
  Pages                    = {663-708},
  Volume                   = {101},

  Doi                      = {10.1111/j.1365-246X.1990.tb05577.x},
  Language                 = {English},
  Owner                    = {danast},
  Timestamp                = {2015.11.14},
  % Url                      = {http://gji.oxfordjournals.org/content/101/3/663.short}
}

@Article{Anastasakis200727,
  Title                    = {Sedimentological response to neotectonics and sea-level change in a delta-fed, complex graben: {G}ulf of {A}mvrakikos, western {G}reece},
  Author                   = {George Anastasakis and David J.W. Piper and Christos Tziavos},
  Journal                  = {Marine Geology },
  Year                     = {2007},
  % Note                     = {DOI: \href{http://dx.doi.org/10.1016/j.margeo.2006.09.014}{10.1016/j.margeo.2006.09.014}},
  Number                   = {1–2},
  Pages                    = {27 - 44},
  Volume                   = {236},

  Doi                      = {http://dx.doi.org/10.1016/j.margeo.2006.09.014},
  ISSN                     = {0025-3227},
  Keywords                 = {neotectonics},
  % Url                      = {http://www.sciencedirect.com/science/article/pii/S0025322706002301}
}

@Conference{Anastasiou2015,
  Title                    = {Geodetic and seismological analysis of the January 26, 2014 {C}ephalonia Island earthquake sequence.},
  Author                   = {D Anastasiou and G Chouliaras and X Papanikolaou and A Marinou and V Zacharis and J Galanis and G Drakatos and D Paradissis},
  Booktitle                = {26th General Assembly of the International Union of Geodesy and Geophysics, Prague, Czech Republic, 22/6 - 2/7},
  Year                     = {2015},

  Owner                    = {danast},
  Timestamp                = {2015.11.14}
}

@Conference{Anastasiou2010,
  Title                    = {Crustal deformation in the {P}atras {G}ulf, {G}reece, from {GPS} data analysis},
  Author                   = {Demitris Anastasiou and Aggeliki Marinou and Christiana Mitsakaki and Kalliope Papazissi and Xanthos Papanikolaou and Demitris Paradissis},
  Booktitle                = {15th General Assembly of WEGENER, 14 - 17 September 2010, Istanbul, Turkey},
  Year                     = {2010},

  Owner                    = {danast},
  Timestamp                = {2015.11.14}
}

@Conference{Anastasiou2015a,
  Title                    = {{GNSS} processing at {DSO} : recent activity and current status},
  Author                   = {D Anastasiou and X Papanikolaou and A Marinou and V Zacharis and S Alatza and D Paradissis},
  Booktitle                = {EUREF AC Workshop2015, 14-15 October 2015, Astronomical Institute, University of Bern, Switzerland.},
  Year                     = {2015},

  Owner                    = {danast},
  Timestamp                = {2015.11.14}
}

@Conference{Anastasiou2009,
  Title                    = {Crustal Deformation from {GPS} measurements at the {I}onian {S}ea : Preliminary Results},
  Author                   = {D Anastasiou and D Paradissis and A Ganas and A Marinou and K Papazissi and G Drakatos and K Makropoulos},
  Booktitle                = {International Technical Laser Workshop on SLR Tracking of GNSS Constellations, Metsovo, Greece, 14-19 September 2009.},
  Year                     = {2009},

  Owner                    = {danast},
  Timestamp                = {2015.11.14}
}

@Conference{Anastasiou2009a,
  Title                    = {Crustal Deformation from {GPS} measurements at the {I}onian {S}ea: {R}esults from 3 years of observations},
  Author                   = {D Anastasiou and D Paradissis and A Ganas and A Marinou and K Papazissi and G Drakatos and K Makropoulos},
  Booktitle                = {2nd Int.Workshop Advances in understanding crustal deformation in SE Europe using GNSSystems, Nevrokopi, Greece},
  Year                     = {2009},

  Owner                    = {danast},
  Timestamp                = {2015.11.14}
}

@Article{Anderson1987,
  Title                    = {Active tectonics of the {A}driatic region},
  Author                   = {H. Anderson and J. Jackson},
  Journal                  = {Geophys. J. R. Astron. Soc.},
  Year                     = {1987},
  % Note                     = {DOI: \href{http://dx.doi.org/10.1111/j.1365-246X.1987.tb01675.x}{10.1111/j.1365-246X.1987.tb01675.x}},
  Number                   = {3},
  Pages                    = {937-983},
  Volume                   = {91},

  Doi                      = {10.1111/j.1365-246X.1987.tb01675.x},
  Owner                    = {danast},
  Timestamp                = {2016.02.07},
  % Url                      = {http://gji.oxfordjournals.org/content/91/3/937.short}
}

@Article{Anzidei1996,
  Title                    = {Repeated {GPS} surveys across the {I}onian {S}ea: evidence of crustal deformations},
  Author                   = {M Anzidei and P Baldi and G Casula and M Crespi and F Riguzzi},
  Journal                  = {Geophysical Journal International},
  Year                     = {1996},
  % Note                     = {DOI: \href{http://dx.doi.org/10.1111/j.1365-246X.1996.tb04718.x}{10.1111/j.1365-246X.1996.tb04718.x}},
  Number                   = {2},
  Pages                    = {257–267},
  Volume                   = {127},

  Doi                      = {10.1111/j.1365-246X.1996.tb04718.x},
  Owner                    = {danast},
  Timestamp                = {2015.11.14}
}

@Article{Armijo1992,
  Title                    = {East-west extension and {H}olocene normal-fault scarps in the {H}ellenic arc},
  Author                   = {Armijo,R. and Lyon-Caen,H. and Papanastassiou,D.},
  Journal                  = {Geology},
  Year                     = {1992},
  % Note                     = {DOI: \href{http://dx.doi.org/10.1130/0091-7613(1992)020<0491:EWEAHN>2.3.CO;2}{10.1130/0091-7613(1992)020<0491:EWEAHN>2.3.CO;2}},
  Number                   = {6},
  Pages                    = {491-494},
  Volume                   = {20},

  Doi                      = {10.1130/0091-7613(1992)020<0491:EWEAHN>2.3.CO;2},
  Language                 = {English},
  Owner                    = {danast},
  Timestamp                = {2015.11.14}
}

@Article{Armijo1996,
  Title                    = {Quaternary evolution of the {C}orinth {R}ift and its implications for the {L}ate {C}enozoic evolution of the {A}egean},
  Author                   = {Armijo, R. and Meyer, B. and King, G. C. P. and Rigo, A. and Papanastassiou, D.},
  Journal                  = {Geophysical Journal International},
  Year                     = {1996},
  % Note                     = {DOI: \href{http://dx.doi.org/10.1111/j.1365-246X.1996.tb05264.x}{10.1111/j.1365-246X.1996.tb05264.x}},
  Number                   = {1},
  Pages                    = {11--53},
  Volume                   = {126},

  Doi                      = {10.1111/j.1365-246X.1996.tb05264.x},
  ISSN                     = {1365-246X},
  Publisher                = {Blackwell Publishing Ltd},
  % Url                      = {http://dx.doi.org/10.1111/j.1365-246X.1996.tb05264.x}
}

@Article{Avallone2004301,
  Title                    = {Analysis of eleven years of deformation measured by \{GPS\} in the {C}orinth {R}ift {L}aboratory area},
  Author                   = {Antonio Avallone and Pierre Briole and Amalia Maria Agatza-Balodimou and Harilaos Billiris and Olivier Charade and Christiana Mitsakaki and Alexandre Nercessian and Kalliopi Papazissi and Dimitris Paradissis and George Veis},
  Journal                  = {Comptes Rendus Geoscience },
  Year                     = {2004},
  % Note                     = {DOI: \href{http://dx.doi.org/10.1016/j.crte.2003.12.007}{10.1016/j.crte.2003.12.007}},
  Number                   = {4–5},
  Pages                    = {301 - 311},
  Volume                   = {336},

  Doi                      = {http://dx.doi.org/10.1016/j.crte.2003.12.007},
  ISSN                     = {1631-0713},
  Keywords                 = {GPS},
  % Url                      = {http://www.sciencedirect.com/science/article/pii/S1631071304000185}
}

@Article{Baker1997,
  Title                    = {Earthquake mechanisms of the {A}driatic {S}ea and {W}estern {G}reece: implications for the oceanic subduction-continental collision transition},
  Author                   = {C Baker and D Hatzfeld and H Lyon-Caen and E Papadimitriou and A Rigo},
  Journal                  = {Geophysical Journal International},
  Year                     = {1997},
  % Note                     = {DOI: \href{http://dx.doi.org/10.1111/j.1365-246X.1997.tb06600.x}{10.1111/j.1365-246X.1997.tb06600.x}},
  Pages                    = {559–594},
  Volume                   = {131},

  Doi                      = {10.1111/j.1365-246X.1997.tb06600.x},
  Owner                    = {danast},
  Timestamp                = {2015.11.14}
}

@Article{Baker1997559,
  Title                    = {Earthquake mechanisms of the {A}driatic {S}ea and {W}estern {G}reece: Implications for the oceanic subduction-continental collision transition},
  Author                   = {Baker, C. and Hatzfeld, D. and Lyon-Caen, H. and Papadimitriou, E. and Rigo, A.},
  Journal                  = {Geophysical Journal International},
  Year                     = {1997},
  % Note                     = {cited By 86},
  Number                   = {3},
  Pages                    = {559-594},
  Volume                   = {131},

  Document_type            = {Article},
  Source                   = {Scopus},
  % Url                      = {http://www.scopus.com/inward/record.% Url?eid=2-s2.0-0031413551&partnerID=40&md5=271ad8318b55777ec533667b581b1bd2}
}

@Article{Banitsiotou2004,
  Title                    = {Estimation of the seismic hazard parameters for various sites in {G}reece using a probabilistic approach},
  Author                   = {I. D. Banitsiotou and T. M. Tsapanos and V. N. Margaris and P. M. Hatzidimitriou},
  Journal                  = {Natural Hazards and Earth System Sciences},
  Year                     = {2004},
  Pages                    = {399-405},
  Volume                   = {4},

  Owner                    = {mitsos},
  Timestamp                = {2016.03.31},
  % Url                      = {http://www.nat-hazards-earth-syst-sci.net/4/399/2004/nhess-4-399-2004.pdf}
}

@Article{Beckers201555,
  Title                    = {Active faulting at the western tip of the {G}ulf of {C}orinth, {G}reece, from high-resolution seismic data},
  Author                   = {Beckers, A. and Hubert-Ferrari, A. and Beck, C. and Bodeux, S. and Tripsanas, E. and Sakellariou, D. and De Batist, M.},
  Journal                  = {Marine Geology},
  Year                     = {2015},
  % Note                     = {DOI: \href{http://dx.doi.org/10.1016/j.margeo.2014.12.003}{10.1016/j.margeo.2014.12.003}},
  Pages                    = {55-69},
  Volume                   = {360},

  Document_type            = {Article},
  Doi                      = {10.1016/j.margeo.2014.12.003},
  Source                   = {Scopus},
  % Url                      = {http://www.scopus.com/inward/record.% Url?eid=2-s2.0-84920964426&partnerID=40&md5=2326cc0756793d761808ec31e50f8f2a}
}

@Article{Bell2009824,
  Title                    = {Fault architecture, basin structure and evolution of the {G}ulf of {C}orinth rift, central {G}reece},
  Author                   = {Bell, R.E. and McNeill, L.C. and Bull, J.M. and Henstock, T.J. and Collier, R.E.L. and Leeder, M.R.},
  Journal                  = {Basin Research},
  Year                     = {2009},
  % Note                     = {DOI: \href{http://dx.doi.org/10.1111/j.1365-2117.2009.00401.x}{10.1111/j.1365-2117.2009.00401.x}},
  Number                   = {6},
  Pages                    = {824-855},
  Volume                   = {21},

  Document_type            = {Article},
  Doi                      = {10.1111/j.1365-2117.2009.00401.x},
  Source                   = {Scopus},
  % Url                      = {http://www.scopus.com/inward/record.% Url?eid=2-s2.0-70449408789&partnerID=40&md5=70c4bcd9d800874da70a1fa1ac07e26e}
}

@Article{Benekos2015,
  Title                    = {Surface displacements of the 2014 {C}ephalonia ({G}reece) earthquake using high resolution {SAR} interferometry},
  Author                   = {Benekos,G. and Derdelakos,K. and Bountzouklis,C. and Kourkouli,P. and Parcharidis,I.},
  Journal                  = {Earth Science Informatics},
  Year                     = {2015},
  Number                   = {2},
  Pages                    = {309-315},
  Volume                   = {8},

  Doi                      = {10.1007/s12145-015-0205-7},
  Owner                    = {danast},
  Timestamp                = {2015.11.14}
}

@Article{Benetatos2007,
  Title                    = {Complex and segmented rupture associated with the 14 {A}ugust 2003 {M}w 6.2 {L}efkada, {I}onian {I}slands, earthquake},
  Author                   = {C Benetatos and D Dreger and A Kiratzi},
  Journal                  = {Bulletin of the Seismological Society of America},
  Year                     = {2007},
  % Note                     = {DOI: \href{http://dx.doi.org/10.1785/0120060123}{10.1785/0120060123}},
  Number                   = {1B},
  Pages                    = {35–51},
  Volume                   = {97},

  Doi                      = {10.1785/0120060123},
  Owner                    = {danast},
  Timestamp                = {2015.11.14}
}

@Article{Bernard2006,
  Title                    = {Seismicity, deformation and seismic hazard in the western rift of {C}orinth: {N}ew insights from the {C}orinth {R}ift {L}aboratory {(CRL)}},
  Author                   = {Bernard,P. and Lyon-Caen,H. and Briole,P. and Deschamps,A. and Boudin,F. and Makropoulos,K. and Papadimitriou,P. and Lemeille,F. and Patau,G. and Billiris,H. and Paradissis,D. and Papazissi,K. and Castarède,H. and Charade,O. and Nercessian,A. and Avallone,A. and Pacchiani,F. and Zahradnik,J. and Sacks,S. and Linde,A.},
  Journal                  = {Tectonophysics},
  Year                     = {2006},
  % Note                     = {DOI: \href{http://dx.doi.org/10.1016/j.tecto.2006.02.012}{10.1016/j.tecto.2006.02.012}},
  Number                   = {1-2},
  Pages                    = {7-30},
  Volume                   = {426},

  Doi                      = {10.1016/j.tecto.2006.02.012},
  Language                 = {English},
  Owner                    = {danast},
  Timestamp                = {2015.11.14}
}

@Article{Billiris1991,
  Title                    = {Geodetic determination of tectonic deformation in central {G}reece from 1900 to 1988},
  Author                   = {Billiris,H. and Paradissis,D. and Veis,G. and England,P. and Featherstone,W. and Parsons,B. and Cross,P. and Rands,P. and Rayson,M. and Sellers,P. and Ashkenazi,V. and Davison,M. and Jackson,J. and Ambraseys,N.},
  Journal                  = {Nature},
  Year                     = {1991},
  Number                   = {6314},
  Pages                    = {124-129},
  Volume                   = {350},

  Language                 = {English},
  Owner                    = {danast},
  Timestamp                = {2015.11.14}
}

@Article{Boncori2015,
  Title                    = {The {F}ebruary 2014 {C}ephalonia earthquake ({G}reece): 3{D} deformation field and source modeling from multiple {SAR} techniques},
  Author                   = {Boncori,J. P. M. and Papoutsis,I. and Pezzo,G. and Tolomei,C. and Atzori,S. and Ganas,A. and Karastathis,V. and Salvi,S. and Kontoes,C. and Antonioli,A.},
  Journal                  = {Seismological Research Letters},
  Year                     = {2015},
  % Note                     = {DOI: \href{http://dx.doi.org/10.1785/0220140126}{10.1785/0220140126}},
  Number                   = {1},
  Pages                    = {124-137},
  Volume                   = {86},

  Doi                      = {10.1785/0220140126},
  Owner                    = {danast},
  Timestamp                = {2015.11.14}
}

@Article{Bradley20136,
  Title                    = {Segmentation of the {H}ellenides recorded by {P}liocene initiation of clockwise block rotation in {C}entral {G}reece},
  Author                   = {Bradley, K.E. and Vassilakis, E. and Hosa, A. and Weiss, B.P.},
  Journal                  = {Earth and Planetary Science Letters},
  Year                     = {2013},
  % Note                     = {DOI: \href{http://dx.doi.org/10.1016/j.epsl.2012.11.043}{10.1016/j.epsl.2012.11.043}},
  Pages                    = {6-19},
  Volume                   = {362},

  Document_type            = {Article},
  Doi                      = {10.1016/j.epsl.2012.11.043},
  Source                   = {Scopus},
  % Url                      = {http://www.scopus.com/inward/record.% Url?eid=2-s2.0-84871392716&partnerID=40&md5=cb75a8e9b7da9a14b4714c950b9b1d35}
}

@Article{Briole20151528,
  Title                    = {The seismic sequence of {J}anuary-{F}ebruary 2014 at {C}ephalonia Island ({G}reece): {C}onstraints from {SAR} interferometry and {GPS}},
  Author                   = {Briole, P. and Elias, P. and Parcharidis, I. and Bignami, C. and Benekos, G. and Samsonov, G. and Kyriakopoulos, C. and Stramondo, S. and Chamot-Rooke, N. and Drakatou, M.L. and Drakatos, G.},
  Journal                  = {Geophysical Journal International},
  Year                     = {2015},
  % Note                     = {DOI: \href{http://dx.doi.org/10.1093/gji/ggv353}{10.1093/gji/ggv353}},
  Number                   = {3},
  Pages                    = {1528-1540},
  Volume                   = {203},

  Document_type            = {Article},
  Doi                      = {10.1093/gji/ggv353},
  Source                   = {Scopus},
  % Url                      = {http://www.scopus.com/inward/record.% Url?eid=2-s2.0-84949293539&partnerID=40&md5=4e886231511c4ecd539a1aad7d390bfb}
}

@Article{Briole2000,
  Title                    = {{Active deformation of the Corinth rift, Greece: Results from repeated Global Positioning System surveys between 1990 and 1995}},
  Author                   = {Briole, P. and Rigo, A. and Lyon-Caen, H. and Ruegg, J. C. and Papazissi, K. and Mitsakaki, C. and Balodimou, A. and Veis, G. and Hatzfeld, D. and Deschamps, A.},
  Journal                  = {Journal of Geophysical Research: Solid Earth},
  Year                     = {2000},
  % Note                     = {DOI: \href{http://dx.doi.org/10.1029/2000JB900148}{10.1029/2000JB900148}},
  Number                   = {B11},
  Pages                    = {25605--25625},
  Volume                   = {105},

  Doi                      = {10.1029/2000JB900148},
  ISSN                     = {2156-2202},
  Keywords                 = {Geodesy and Gravity: Crustal movements—intraplate, Geodesy and Gravity: Seismic deformations, Space geodetic surveys, Geodesy and Gravity: Crustal movements—interplate, Tectonophysics: Dynamics, seismotectonics},
  % Url                      = {http://dx.doi.org/10.1029/2000JB900148}
}

@InBook{Bruyninx2012,
  Title                    = {{Geodesy for Planet Earth: Proceedings of the 2009 IAG Symposium, Buenos Aires, Argentina, 31 August 31 - 4 September 2009}},
  Author                   = {Bruyninx, C. and Habrich, H. and S{\"o}hne, W. and Kenyeres, A. and Stangl, G. and V{\"o}lksen, C.},
  Chapter                  = {Enhancement of the EUREF Permanent Network Services and Products},
  Editor                   = {Kenyon, Steve and Pacino, Christina Maria and Marti, Urs},
  Pages                    = {27--34},
  Publisher                = {Springer Berlin Heidelberg},
  Year                     = {2012},

  Address                  = {Berlin, Heidelberg},
  Doi                      = {10.1007/978-3-642-20338-1_4},
  ISBN                     = {978-3-642-20338-1},
  % Url                      = {http://dx.doi.org/10.1007/978-3-642-20338-1_4}
}

@Article{Burchfiel2008,
  Title                    = {{Evolution and dynamics of the Cenozoic tectonics of the South Balkan extensional system}},
  Author                   = {Burchfiel, B. C. and R. Nakov and N. Dumurdzanov and D. Papanikolaou and T. Tzankov and T. Serafimovski and R. W. King and V. Kotzev and A. Todosov and B. Nurce},
  Journal                  = {Geosphere},
  Year                     = {2008},
  % Note                     = {DOI: \href{http://dx.doi.org/10.1130/GES00169.1}{10.1130/GES00169.1}},
  Number                   = {6},
  Pages                    = {919-938},
  Volume                   = {4},

  Doi                      = {10.1130/GES00169.1},
  Owner                    = {mitsos},
  Timestamp                = {2016.02.03}
}

@Article{Burton2004117,
  Title                    = {{A catalogue of seismicity in Greece and the adjacent areas for the twentieth century}},
  Author                   = {Paul W. Burton and Yebang Xu and Changyuan Qin and G-Akis Tselentis and Ethimios Sokos},
  Journal                  = {Tectonophysics },
  Year                     = {2004},
  % Note                     = {DOI: \href{http://dx.doi.org/10.1016/j.tecto.2004.03.020}{10.1016/j.tecto.2004.03.020}},
  Number                   = {1–4},
  Pages                    = {117 - 127},
  Volume                   = {390},

  Doi                      = {http://dx.doi.org/10.1016/j.tecto.2004.03.020},
  ISSN                     = {0040-1951},
  Keywords                 = {Earthquakes},
  % Url                      = {http://www.sciencedirect.com/science/article/pii/S0040195104002203}
}

@Article{Caporali2016164,
  Title                    = {{Stress drop at the Kephalonia Transform Zone estimated from the 2014 seismic sequence}},
  Author                   = {Alessandro Caporali and Carine Bruyninx and Rui Fernandes and Athanassios Ganas and Ambrus Kenyeres and Martin Lidberg and Guenter Stangl and Holger Steffen and Joaquin Zurutuza},
  Journal                  = {Tectonophysics },
  Year                     = {2016},
  % Note                     = {DOI: \href{http://dx.doi.org/10.1016/j.tecto.2015.11.004}{10.1016/j.tecto.2015.11.004}},
  Pages                    = {164 - 172},
  Volume                   = {666},

  Doi                      = {http://dx.doi.org/10.1016/j.tecto.2015.11.004},
  ISSN                     = {0040-1951},
  Keywords                 = {Coseismic dislocation},
  % Url                      = {http://www.sciencedirect.com/science/article/pii/S0040195115006034}
}

@Article{Chamot-Rooke2005,
  Title                    = {{DOTMED—Deep Offshore Tectonics of the Mediterranean: A synthesis of deep marine data in eastern Mediterranean}},
  Author                   = {Chamot-Rooke, N. and C. Rangin and X. Le Pichon and Dotmed Working Group},
  Journal                  = {Mem. Soc. Geol. Fr.},
  Year                     = {2005},
  % Note                     = {64 pp., 69 maps with CD-ROM.},
  Volume                   = {177},

  Owner                    = {mitsos},
  Timestamp                = {2016.02.03}
}

@PhdThesis{Cheloni2008,
  Title                    = {Estimating crustal deformation from geodetic data},
  Author                   = {Cheloni, Danielle},
  School                   = {University of Bologna},
  Year                     = {2008},

  Owner                    = {danast},
  Timestamp                = {2015.11.14}
}

@Article{Chouliaras201542,
  Title                    = {{Seismotectonic analysis of the 2013 seismic sequence at the western Corinth Rift }},
  Author                   = {G. Chouliaras and I. Kassaras and V. Kapetanidis and P. Petrou and G. Drakatos},
  Journal                  = {Journal of Geodynamics },
  Year                     = {2015},
  % Note                     = {DOI: \href{http://dx.doi.org/10.1016/j.jog.2015.07.001}{10.1016/j.jog.2015.07.001}},
  Pages                    = {42 - 57},
  Volume                   = {90},

  Doi                      = {http://dx.doi.org/10.1016/j.jog.2015.07.001},
  ISSN                     = {0264-3707},
  Keywords                 = {Seismic swarm},
  % Url                      = {http://www.sciencedirect.com/science/article/pii/S0264370715000769}
}

@Article{Chousianitis2015,
  Title                    = {{Strain and rotation rate patterns of mainland Greece from continuous GPS data and comparison between seismic and geodetic moment release}},
  Author                   = {Chousianitis,K. and Ganas,A. and Evangelidis,C. P.},
  Journal                  = {Journal of Geophysical Research B: Solid Earth},
  Year                     = {2015},
  % Note                     = {DOI: \href{http://dx.doi.org/10.1002/2014JB011762}{10.1002/2014JB011762}},
  Number                   = {5},
  Pages                    = {3909-3931},
  Volume                   = {120},

  Doi                      = {10.1002/2014JB011762},
  Language                 = {English},
  Owner                    = {danast},
  Timestamp                = {2015.11.14}
}

@Article{Chousianitis2013,
  Title                    = {{Kinematic interpretation of present-day crustal deformation in central Greece from continuous GPS measurements}},
  Author                   = {Chousianitis,K. and Ganas,A. and Gianniou,M.},
  Journal                  = {Journal of Geodynamics},
  Year                     = {2013},
  % Note                     = {DOI: \href{http://dx.doi.org/10.1016/j.jog.2013.06.004}{10.1016/j.jog.2013.06.004}},
  Pages                    = {1-13},
  Volume                   = {71},

  Doi                      = {10.1016/j.jog.2013.06.004},
  Language                 = {English},
  Owner                    = {danast},
  Timestamp                = {2015.11.14}
}

@Article{Chronis1991191,
  Title                    = {{Late Quaternary evolution of the Gulf of Patras, Greece: Tectonism, deltaic sedimentation and sea-level change}},
  Author                   = {George Chronis and David J.W Piper and Christos Anagnostou},
  Journal                  = {Marine Geology },
  Year                     = {1991},
  % Note                     = {DOI: \href{http://dx.doi.org/10.1016/0025-3227(91)90026-Z}{10.1016/0025-3227(91)90026-Z}},
  Number                   = {1–2},
  Pages                    = {191 - 209},
  Volume                   = {97},

  Doi                      = {http://dx.doi.org/10.1016/0025-3227(91)90026-Z},
  ISSN                     = {0025-3227},
  % Url                      = {http://www.sciencedirect.com/science/article/pii/002532279190026Z}
}

@PhdThesis{Clarke1996,
  Title                    = {{Tectonic Motions and Earthquake Deformation in Greece from GPS Measurements}},
  Author                   = {Peter John Clarke},
  School                   = {Faculty of Physical Sciences, University of Oxford},
  Year                     = {1996},

  Owner                    = {mitsos},
  Timestamp                = {2016.02.02}
}

@Article{Clarke1998,
  Title                    = {{Crustal strain in Greece from repeated GPS measurements in the interval 1989-1997}},
  Author                   = {Clarke,P. J. and Davies,R. R. and England,P. C. and Parsons,B. and Billiris,H. and Paradissis,D. and Veis,G. and Cross,P. A. and Denys,P. H. and Ashkenazi,V. and Bingley,R. and Kahle,H. -. and Muller,M. -. and Briole,P.},
  Journal                  = {Geophysical Journal International},
  Year                     = {1998},
  % Note                     = {DOI: \href{http://dx.doi.org/10.1046/j.1365-246X.1998.00633.x}{10.1046/j.1365-246X.1998.00633.x}},
  Number                   = {1},
  Pages                    = {195-214},
  Volume                   = {135},

  Doi                      = {10.1046/j.1365-246X.1998.00633.x},
  Language                 = {English},
  Owner                    = {danast},
  Timestamp                = {2015.11.14}
}

@Article{Clement2000,
  Title                    = {{Seismic structure and the active hellenic subduction in the Ionian islands}},
  Author                   = {Clément,C. and Hirn,A. and Charvis,P. and Sachpazi,M. and Marnelis,F.},
  Journal                  = {Tectonophysics},
  Year                     = {2000},
  % Note                     = {DOI: \href{http://dx.doi.org/10.1016/S0040-1951(00)00193-1}{10.1016/S0040-1951(00)00193-1}},
  Number                   = {1-4},
  Pages                    = {141-156},
  Volume                   = {329},

  Doi                      = {10.1016/S0040-1951(00)00193-1},
  Language                 = {English},
  Owner                    = {danast},
  Timestamp                = {2015.11.14}
}

@TechReport{Cline1985,
  Title                    = {{Geodetic Derived Strain From San Francisco Bay To The Mendocino Triple Juction, California}},
  Author                   = {Michael Cline and Richard Snay and Edward Timmerman},
  Institution              = {NOAA},
  Year                     = {1985},

  Owner                    = {mitsos},
  Timestamp                = {2016.02.02}
}

@Article{Cocard1999,
  Title                    = {{New constraints on the rapid crustal motion of the Aegean region: Recent results inferred from GPS measurements (1993-1998) across the West Hellenic Arc, Greece}},
  Author                   = {Cocard,M. and Kahle,H. -. and Peter,Y. and Geiger,A. and Veis,G. and Felekis,S. and Paradissis,D. and Billiris,H.},
  Journal                  = {Earth and Planetary Science Letters},
  Year                     = {1999},
  % Note                     = {DOI: \href{http://dx.doi.org/10.1016/S0012-821X\(99\)00185-5}{10.1016/S0012-821X\(99\)00185-5}},
  Number                   = {1-2},
  Pages                    = {39-47},
  Volume                   = {172},

  Doi                      = {10.1016/S0012-821X(99)00185-5},
  Language                 = {English},
  Owner                    = {danast},
  Timestamp                = {2015.11.14}
}

@Article{Comninakis1986,
  Title                    = {{A catalogue of earthquakes in Greece and surrounding area for thw period 1901-1985}},
  Author                   = {P. E. Comninakis and B. C. Papazachos},
  Journal                  = {Publ. Geophys. Lab. Univ. Thessaloniki},
  Year                     = {1986},
  Pages                    = {167},
  Volume                   = {1},

  Owner                    = {mitsos},
  Timestamp                = {2016.03.31}
}

@Article{Crowell2012,
  Title                    = {{Real-time inversion of GPS data for finite fault modeling and rapid hazard assessment}},
  Author                   = {Crowell,B. W. and Bock,Y. and Melgar,D.},
  Journal                  = {Geophysical Research Letters},
  Year                     = {2012},
  % Note                     = {DOI: \href{http://dx.doi.org/10.1029/2012GL051318}{10.1029/2012GL051318}},
  Number                   = {9},
  Volume                   = {39},

  Doi                      = {10.1029/2012GL051318},
  Language                 = {English},
  Owner                    = {danast},
  Timestamp                = {2015.11.14}
}

@Article{DAgostino2008,
  Title                    = {{Active tectonics of the Adriatic region from GPS and earthquake slip vectors}},
  Author                   = {D'Agostino, N. and Avallone, A. and Cheloni, D. and D'Anastasio, E. and Mantenuto, S. and Selvaggi, G.},
  Journal                  = {Journal of Geophysical Research: Solid Earth},
  Year                     = {2008},
  % Note                     = {B12413, DOI: \href{http://dx.doi.org/10.1029/2008JB005860}{10.1029/2008JB005860}},
  Number                   = {B12},
  Pages                    = {n/a--n/a},
  Volume                   = {113},

  Doi                      = {10.1029/2008JB005860},
  ISSN                     = {2156-2202},
  Keywords                 = {Tectonic deformation, Satellite geodesy: results, Plate boundary: general, Continental tectonics: general, Plate motions: present and recent, Adriatic, GPS, Mediterranean},
  % Url                      = {http://dx.doi.org/10.1029/2008JB005860}
}

@Manual{Dach2007,
  Title                    = {{Bernese GPS Software Version 5.0}},
  Author                   = {Dach, R. and Hugentobler, U. and Fridez, P. and Meindl, M.},
  Organization             = {Astronomical Institute, University of Bern},
  Year                     = {2007},

  Owner                    = {danast},
  Timestamp                = {2016.03.24}
}

@Article{Davies199724571,
  Title                    = {{Geodetic strain of Greece in the interval 1892-1992}},
  Author                   = {Davies, R. and England, P. and Parsons, B. and Billiris, H. and Paradissis, D. and Veis, G.},
  Journal                  = {Journal of Geophysical Research B: Solid Earth},
  Year                     = {1997},
  % Note                     = {cited By 86},
  Number                   = {11},
  Pages                    = {24571-24588},
  Volume                   = {102},

  Document_type            = {Article},
  Source                   = {Scopus},
  % Url                      = {http://www.scopus.com/inward/record.% Url?eid=2-s2.0-0031422558&partnerID=40&md5=64e20fbbf237ff835988fac7f9df4034}
}

@Article{Dewey1973,
  Title                    = {{Plate tectonics and the evolution of the Alpine System}},
  Author                   = {Dewey, J.F. and Pitman, W.C. and Ryan, W.B.F. and Bonnin, J.},
  Journal                  = {Geol. Soc. Amer. Bull.},
  Year                     = {1973},
  Pages                    = {3137-3180},
  Volume                   = {84},

  Owner                    = {danast},
  Timestamp                = {2016.02.03}
}

@Article{Dong1998,
  Title                    = {{Estimating regional deformation from a combination of space and terrestrial geodetic data}},
  Author                   = {Dong,D. and Herring,T. A. and King,R. W.},
  Journal                  = {Journal of Geodesy},
  Year                     = {1998},
  Number                   = {4},
  Pages                    = {200-214},
  Volume                   = {72},
  Language                 = {English},
  Owner                    = {danast},
  Timestamp                = {2015.11.14}
}

@Article{Doutsos1988177,
  Title                    = {{The Corinth-Patras rift as the initial stage of continental fragmentation behind an active island arc (Greece)}},
  Author                   = {Doutsos, T. and Kontopoulos, N. and Poulimenos, G.},
  Journal                  = {Basin Research},
  Year                     = {1988},
  % Note                     = {cited By 71},
  Number                   = {3},
  Pages                    = {177-190},
  Volume                   = {1},
  Source                   = {Scopus},
  % Url                      = {http://www.scopus.com/inward/record.% Url?eid=2-s2.0-0024189788&partnerID=40&md5=53b72eb8741831c84e3e783b98143536}
}

@Article{Dow2009,
  Title                    = {{The International GNSS Service (IGS) in a Changing Landscape of Global Navigation Satellite Systems}},
  Author                   = {John M. Dow and Ruth E. Neilan and Chris Rizos},
  Journal                  = {Journal of Geodesy},
  Year                     = {2009},

  Month                    = {March},
  Number                   = {3-4},
  Volume                   = {83},

  Owner                    = {danast},
  Timestamp                = {2017.06.05}
}

@Article{Drakatos2013,
  Title                    = {{Joint approach using satellite techniques for slope instability detection and monitoring}},
  Author                   = {George Drakatos and Demetris Paradissis and Demitris Anastasiou and Panagiotis Elias and Aggeliki Marinou and Konstantinos Chousianitis and Xanthos Papanikolaou and Evangelos Zacharis and Panagiotis Argyrakis and Kalliopi Papazissi and Konstantinos Makropoulos},
  Journal                  = {International Journal of Remote Sensing},
  Year                     = {2013},

  Month                    = {March},
  % Note                     = {DOI: \href{http://dx.doi.org/10.1080/2150704X.2012.731089}{10.1080/2150704X.2012.731089}},
  Number                   = {6},
  Pages                    = {1879-1892},
  Volume                   = {34},

  Doi                      = {10.1080/2150704X.2012.731089},
  Owner                    = {danast},
  Timestamp                = {2015.11.14}
}

@Conference{Drakatos2012,
  Title                    = {{Monitoring slope instability using a combined GPS and InSAR approach.}},
  Author                   = {G Drakatos and D Paradissis and D Anastasiou and P Elias and A Marinou and K Chousianitis and X Papanikolaou and V Zacharis and P Argyrakis and P Papazissi and K Makropoulos},
  Booktitle                = {33rd General Assembly, European Seismological Commission, Augoust 19-24, 2012, Moscow, Russia.},
  Year                     = {2012},

  Owner                    = {danast},
  Timestamp                = {2015.11.14}
}

@Conference{Drewes1982,
  Title                    = {{Geodynamic implica ons for geodesy in the Mediterranean region}},
  Author                   = {Drewes, H. and C. Rizos},
  Booktitle                = {3rd Int. Symp. on Use of Sa elites for Geodesy \& Geodynamics},
  Year                     = {1982},
  Month                    = {20-25 September},
  % Note                     = {Ermioni. Greece},
  Pages                    = {372-389},

  Owner                    = {mitsos},
  Timestamp                = {2016.02.08}
}

@Article{harvcmt01,
  Title                    = {{Determination of earthquake source parameters from waveform data for studies of global and regional seismicity}},
  Author                   = {Dziewonski,A.M. and Chou,T.-A. and Woodhouse,J.H.},
  Journal                  = {Journal of Geophysical Research: Solid Earth},
  Year                     = {1981},
  % Note                     = {DOI: \href{http://dx.doi.org/10.1029/JB086iB04p02825}{10.1029/JB086iB04p02825}},
  Number                   = {B4},
  Pages                    = {2825--2852},
  Volume                   = {86},

  Doi                      = {10.1029/JB086iB04p02825},
  ISSN                     = {2156-2202},
  Keywords                 = {Seismology: Seismic sources (mechanisms, magnitude, frequency spectrum, and time distribution)},
  % Url                      = {http://dx.doi.org/10.1029/JB086iB04p02825}
}

@Article{Eginitis1924,
  Title                    = {{Rapport sur les travaux éxécutés en Grèce depuis la prémiere assemblée Générale de la Section de Géodésie de l'Unio Géodésique et Géophysique Internationale, réunie à Rome en Mai 1922}},
  Author                   = {D. Eginitis and D. Lampadarios},
  Journal                  = {Union Géod. Geophy. Int. Sect. Géod. 2nd Assem. Gen.,Madrid},
  Year                     = {1924},

  Owner                    = {mitsos},
  Timestamp                = {2016.02.01}
}

@Article{harvcmt02,
  Title                    = {{The global \{CMT\} project 2004–2010: Centroid-moment tensors for 13,017 earthquakes}},
  Author                   = {G. Ekström and M. Nettles and A.M. Dziewoński},
  Journal                  = {Physics of the Earth and Planetary Interiors },
  Year                     = {2012},
  % Note                     = {DOI: \href{http://dx.doi.org/10.1016/j.pepi.2012.04.002}{10.1016/j.pepi.2012.04.002}},
  Pages                    = {1 - 9},
  Volume                   = {200–201},

  Doi                      = {http://dx.doi.org/10.1016/j.pepi.2012.04.002},
  ISSN                     = {0031-9201},
  Keywords                 = {Global seismicity},
  % Url                      = {http://www.sciencedirect.com/science/article/pii/S0031920112000696}
}

@Article{England2003,
  Title                    = {{The Alignment of Earthquake T-Axes with the Principal Axes of Geodetic Strain in the Aegean Region}},
  Author                   = {Philip England},
  Journal                  = {Turkish Journal of Earth Sciences},
  Year                     = {2003},
  Pages                    = {47-53},
  Volume                   = {12},

  Owner                    = {mitsos},
  Timestamp                = {2016.04.03},
  % Url                      = {http://journals.tubitak.gov.tr/earth/issues/yer-03-12-1/yer-12-1-3-0301-2.pdf}
}

@Article{England1985,
  Title                    = {{Length scales for continental deformation in convergent, divergent, and strike-slip Environments: Analytical and approximate solutions for a thin viscous sheet model}},
  Author                   = {England, Philip and Houseman, Gregory and Sonder, Leslie},
  Journal                  = {Journal of Geophysical Research: Solid Earth},
  Year                     = {1985},
  % Note                     = {DOI: \href{http://dx.doi.org/10.1029/JB090iB05p03551}{10.1029/JB090iB05p03551}},
  Number                   = {B5},
  Pages                    = {3551--3557},
  Volume                   = {90},

  Doi                      = {10.1029/JB090iB05p03551},
  ISSN                     = {2156-2202},
  Keywords                 = {Continental neotectonics, Continental tectonics: extensional, Continental tectonics: general, Dynamics of lithosphere and mantle: general, Stresses: crust and lithosphere, Stresses: deep-seated, Stresses: general, Plate boundary: general},
  % Url                      = {http://dx.doi.org/10.1029/JB090iB05p03551}
}

@Article{England1989,
  Title                    = {{Active Deformation of the Continents}},
  Author                   = {Philip England and James Jackson},
  Journal                  = {Annual Review of Earth and Planetary Sciences},
  Year                     = {1989},
  % Note                     = {DOI: \href{http://dx.doi.org/10.1146/annurev.ea.17.050189.001213}{10.1146/annurev.ea.17.050189.001213}},
  Number                   = {1},
  Pages                    = {197-226},
  Volume                   = {17},

  Doi                      = {10.1146/annurev.ea.17.050189.001213},
  Eprint                   = { http://dx.doi.org/10.1146/annurev.ea.17.050189.001213 
},
  % Url                      = { http://dx.doi.org/10.1146/annurev.ea.17.050189.001213 
}
}

@Standard{acepnguide,
  Title                    = {{Guidelines for the EPN Analysis Centres. EPN Coordination Group and EPN Central Bureau,}},
  Institution              = {EPN Coordination Group and EPN Central Bureau},
  Organization             = {EPN Coordination Group and EPN Central Bureau},
  Author                   = {EPNCB},
  % Note                     = {% Url: \href{http://www.epncb.oma.be/\_documentation/guidelines/guidelines\_analysis\_centres.pdf}{http://www.epncb.oma.be/\_documentation/guidelines/guidelines\_analysis\_centres.pdf}},
  % Url                      = {http://www.epncb.oma.be/_documentation/guidelines/guidelines_analysis_centres.pdf},
  Year                     = {2013},

  Owner                    = {danast},
  Timestamp                = {2017.06.05}
}

@Article{Evangelidis2008,
  Title                    = {{Waveform relocation and focal mechanism analysis of an earthquake swarm in Trichonis Lake, Western Greece}},
  Author                   = {Evangelidis,C. P. and Konstantinou,K. I. and Melis,N. S. and Charalambakis,M. and Stavrakakis,G. N.},
  Journal                  = {Bulletin of the Seismological Society of America},
  Year                     = {2008},
  % Note                     = {DOI: \href{http://dx.doi.org/10.1785/0120070185}{10.1785/0120070185}},
  Number                   = {2},
  Pages                    = {804-811},
  Volume                   = {98},

  Doi                      = {10.1785/0120070185},
  Language                 = {English},
  Owner                    = {danast},
  Timestamp                = {2015.11.14}
}

@Article{Feng2010,
  Title                    = {{Energetic rupture, coseismic and post-seismic response of the 2008 MW 6.4 Achaia-Elia Earthquake in northwestern Peloponnese, Greece: An indicator of an immature transform fault zone}},
  Author                   = {Feng,L. and Newman,A. V. and Farmer,G. T. and Psimoulis,P. and Stiros,S. C.},
  Journal                  = {Geophysical Journal International},
  Year                     = {2010},
  Number                   = {1},
  Pages                    = {103-110},
  Volume                   = {183},
  Language                 = {English},
  Owner                    = {danast},
  Timestamp                = {2015.11.14}
}

@Article{FERENTINOS1985713,
  Title                    = {{Quaternary tectonics in the Gulf of Patras, western Greece}},
  Author                   = {G Ferentinos and M Brooks and T Doutsos},
  Journal                  = {Journal of Structural Geology},
  Year                     = {1985},
  % Note                     = {DOI: \href{http://dx.doi.org/10.1016/0191-8141\(85\)90146-4}{10.1016/0191-8141\(85\)90146-4}},
  Number                   = {6},
  Pages                    = {713 - 717},
  Volume                   = {7},

  Doi                      = {http://dx.doi.org/10.1016/0191-8141(85)90146-4},
  ISSN                     = {0191-8141},
  % Url                      = {http://www.sciencedirect.com/science/article/pii/0191814185901464}
}

@Article{Finetti1982,
  Title                    = {{Structure, stratigraphy and evolution of central Mediterranean}},
  Author                   = {I. Finetti},
  Journal                  = {Boll. Geofis. Teor. Appl.},
  Year                     = {1982},
  Pages                    = {247–312},
  Volume                   = {24},

  Owner                    = {danast},
  Timestamp                = {2016.02.07}
}

@Article{Finetti1982247,
  Title                    = {{Structure, stratigraphy and evolution of central Mediterranean ( Pelagian Sea, Ionian Sea).}},
  Author                   = {Finetti, I.},
  Journal                  = {Bollettino di Geofisica Teorica ed Applicata},
  Year                     = {1982},
  % Note                     = {cited By 159},
  Number                   = {96},
  Pages                    = {247-312},
  Volume                   = {24},

  Source                   = {Scopus},
  % Url                      = {http://www.scopus.com/inward/record.% Url?eid=2-s2.0-0020432645&partnerID=40&md5=f1fffa58adbb989644c0b76eb21687b6}
}

@Article{Finetti1973,
  Title                    = {{Geophysical exploration of the Mediterranean Sea}},
  Author                   = {I. Finetti and C. Morreli},
  Journal                  = {Boll. Geofis. Teor. Appl.},
  Year                     = {1973},
  Pages                    = {263–341},
  Volume                   = {15},

  Owner                    = {danast},
  Timestamp                = {2016.02.07}
}

@Article{Flerit2004347,
  Title                    = {{The mechanical interaction between the propagating North Anatolian Fault and the back-arc extension in the Aegean}},
  Author                   = {Frédéric Flerit and Rolando Armijo and Geoffrey King and Bertrand Meyer},
  Journal                  = {Earth and Planetary Science Letters },
  Year                     = {2004},
  % Note                     = {DOI: \href{http://dx.doi.org/10.1016/j.epsl.2004.05.028}{10.1016/j.epsl.2004.05.028}},
  Number                   = {3–4},
  Pages                    = {347 - 362},
  Volume                   = {224},

  Doi                      = {http://dx.doi.org/10.1016/j.epsl.2004.05.028},
  ISSN                     = {0012-821X},
  Keywords                 = {Aegean},
  % Url                      = {http://www.sciencedirect.com/science/article/pii/S0012821X04003486}
}

@Article{Floyd2010,
  Title                    = {{A new velocity field for Greece: Implications for the kinematics and dynamics of the Aegean}},
  Author                   = {Floyd, M. A. and Billiris, H. and Paradissis, D. and Veis, G. and Avallone, A. and Briole, P. and McClusky, S. and Nocquet, J.-M. and Palamartchouk, K. and Parsons, B. and England, P. C.},
  Journal                  = {Journal of Geophysical Research: Solid Earth},
  Year                     = {2010},
  % Note                     = {B10403, DOI: \href{http://dx.doi.org/10.1029/2009JB007040}{10.1029/2009JB007040}},
  Number                   = {B10},
  Pages                    = {n/a--n/a},
  Volume                   = {115},

  Doi                      = {10.1029/2009JB007040},
  ISSN                     = {2156-2202},
  Keywords                 = {Tectonic deformation, Continental neotectonics, Continental tectonics: extensional, Continental tectonics: strike-slip and transform, tectonophysics, Aegean, GPS},
  % Url                      = {http://dx.doi.org/10.1029/2009JB007040}
}

@Article{Fokaefs2004,
  Title                    = {{Historical earthquakes in the region of Lefkada Island, Ionian Sea estimation of magnitudes from epicentral intensities}},
  Author                   = {A. Fokaefs and G.A. Papadopoulos},
  Journal                  = {Bulletin of the Geological Society of Greece},
  Year                     = {2004},
  Pages                    = {1389-1395},
  Volume                   = {36},

  Owner                    = {mitsos},
  Timestamp                = {2016.02.03}
}

@Article{Frank1966,
  Title                    = {{Deduction of earth strain from survey data}},
  Author                   = {Frank,F.-C.},
  Journal                  = {Bulletin of the Seismologlcal Society of America},
  Year                     = {1966},

  Month                    = {February},
  Number                   = {1},
  Pages                    = {35-42},
  Volume                   = {56},

  Owner                    = {danast},
  Timestamp                = {2015.11.14}
}

@Article{Ganas2015,
  Title                    = {{Displacements recorded on continuous GPS stations following the 2014 M6 Cephalonia (Greece) earthquakes: Dynamic characteristics and kinematic implications}},
  Author                   = {Ganas,A. and Cannavo,F. and Chousianitis,K. and Kassaras,I. and Drakatos,G.},
  Journal                  = {Acta Geodynamica et Geomaterialia},
  Year                     = {2015},
  % Note                     = {DOI: \href{http://dx.doi.org/10.13168/AGG.2015.0005}{10.13168/AGG.2015.0005}},
  Number                   = {1},
  Pages                    = {5-27},
  Volume                   = {12},

  Doi                      = {10.13168/AGG.2015.0005},
  Owner                    = {danast},
  Timestamp                = {2015.11.14}
}

@Article{Ganas2008,
  Title                    = {{NOANET: the new permanent GPS network for Geodynamics in Greece}},
  Author                   = {Ganas, A. and G. Drakatos and S. Rontogianni and C. Tsimi and P. Petrou and M. Papanikolaou and P. Argyrakis and, K. Boukouras and N. Melis and G. Stavrakakis},
  Journal                  = {Geophysical Research Abstracts, Vol. 10, EGU2008-A-04380},
  Year                     = {2008},

  Owner                    = {mitsos},
  Timestamp                = {2016.04.05}
}

@Article{Ganas2014101,
  Title                    = {{Aftershock relocation and frequency-size distribution, stress inversion and seismotectonic setting of the 7 August 2013 M=5.4 earthquake in Kallidromon Mountain, central Greece}},
  Author                   = {Ganas, A. and Karastathis, V. and Moshou, A. and Valkaniotis, S. and Mouzakiotis, E. and Papathanassiou, G.},
  Journal                  = {Tectonophysics},
  Year                     = {2014},
  % Note                     = {DOI: \href{http://dx.doi.org/10.1016/j.tecto.2014.01.022}{10.1016/j.tecto.2014.01.022}},
  Pages                    = {101-113},
  Volume                   = {617},

  Document_type            = {Article},
  Doi                      = {10.1016/j.tecto.2014.01.022},
  Source                   = {Scopus},
  % Url                      = {http://www.scopus.com/inward/record.% Url?eid=2-s2.0-84894279811&partnerID=40&md5=743a12ceb7e2933b1abe304c7a9b4a85}
}

@Article{Ganas201362,
  Title                    = {{GPS-derived estimates of crustal deformation in the central and north Ionian Sea, Greece: 3-yr results from \{NOANET\} continuous network data}},
  Author                   = {A. Ganas and A. Marinou and D. Anastasiou and D. Paradissis and K. Papazissi and P. Tzavaras and G. Drakatos},
  Journal                  = {Journal of Geodynamics },
  Year                     = {2013},
  % Note                     = {DOI: \href{http://dx.doi.org/10.1016/j.jog.2012.05.010}{10.1016/j.jog.2012.05.010}},
  Pages                    = {62 - 71},
  Volume                   = {67},

  Doi                      = {http://dx.doi.org/10.1016/j.jog.2012.05.010},
  ISSN                     = {0264-3707},
  Keywords                 = {GPS},
  % Url                      = {http://www.sciencedirect.com/science/article/pii/S0264370712000944}
}

@Conference{Ganas2013,
  Title                    = {{NOAFAULTS: a digital database for active faults in Greece}},
  Author                   = {A. Ganas and I. Oikonomou and C. Tsimi},
  Booktitle                = {Bulletin of the Geological Society of Greece, vol. XLVII and Proceedings of the 13th International Congress, Chania},
  Year                     = {2013},

  Owner                    = {danast},
  Timestamp                = {2016.02.04}
}

@Article{Ganas2009,
  Title                    = {{Three-dimensional model of Hellenic Arc deformation and origin of the Cretan uplift}},
  Author                   = {Ganas, Athanassios and Parsons, Tom},
  Journal                  = {Journal of Geophysical Research: Solid Earth},
  Year                     = {2009},
  % Note                     = {B06404, DOI: \href{http://dx.doi.org/10.1029/2008JB005599}{10.1029/2008JB005599}},
  Number                   = {B6},
  Pages                    = {n/a--n/a},
  Volume                   = {114},

  Doi                      = {10.1029/2008JB005599},
  ISSN                     = {2156-2202},
  Keywords                 = {Seismicity and tectonics, Tectonics and landscape evolution, Subduction zone processes, Lithospheric flexure, Europe, Hellenic Arc, deformation, uplift},
  % Url                      = {http://dx.doi.org/10.1029/2008JB005599}
}

@Article{Ganas2009a,
  Title                    = {{The Mw 6.4 SW-achaia (Western Greece) earthquake of 8 june 2008: Seismological, field, GPS observations, and stress modeling}},
  Author                   = {Ganas,A. and Serpelloni,E. and Drakatos,G. and Kolligri,M. and Adamis,I. and Tsimi,C. and Batsi,E.},
  Journal                  = {Journal of Earthquake Engineering},
  Year                     = {2009},
  Number                   = {8},
  Pages                    = {1101-1124},
  Volume                   = {13},
  Doi                      = {10.1080%2F13632460902933899},
  Language                 = {English},
  Owner                    = {danast},
  Timestamp                = {2015.11.14},
}

@Article{Ganas2006357,
  Title                    = {{Coulomb stress triggering of earthquakes along the Atalanti Fault, central Greece: Two April 1894 M6+ events and stress change patterns}},
  Author                   = {Ganas, A. and Sokos, E. and Agalos, A. and Leontakianakos, G. and Pavlides, S.},
  Journal                  = {Tectonophysics},
  Year                     = {2006},
  % Note                     = {DOI: \href{http://dx.doi.org/10.1016/j.tecto.2006.03.028}{10.1016/j.tecto.2006.03.028}},
  Number                   = {3},
  Pages                    = {357-369},
  Volume                   = {420},

  Document_type            = {Article},
  Doi                      = {10.1016/j.tecto.2006.03.028},
  Source                   = {Scopus},
  % Url                      = {http://www.sciencedirect.com/science/article/pii/S0040195106001636?np=y}
}

@Article{Goldsworthy2002,
  Title                    = {{The continuity of active fault systems in Greece}},
  Author                   = {Goldsworthy, Mary and Jackson, James and Haines, John},
  Journal                  = {Geophysical Journal International},
  Year                     = {2002},
  % Note                     = {DOI: \href{http://dx.doi.org/10.1046/j.1365-246X.2002.01609.x}{10.1046/j.1365-246X.2002.01609.x}},
  Number                   = {3},
  Pages                    = {596--618},
  Volume                   = {148},

  Doi                      = {10.1046/j.1365-246X.2002.01609.x},
  ISSN                     = {1365-246X},
  Keywords                 = {continental tectonics, earthquakes, geomorphology, GPS, Greece, normal faulting},
  Publisher                = {Blackwell Science Ltd},
  % Url                      = {http://dx.doi.org/10.1046/j.1365-246X.2002.01609.x}
}

@Article{Gu1986,
  Title                    = {{Discussion on displacement analysis: Detection of crustal deformation}},
  Author                   = {G. Gu and W. Prescott},
  Journal                  = {J. Geophys. Res.},
  Year                     = {1986},
  Pages                    = {7439-7446},
  Volume                   = {91},

  Owner                    = {mitsos},
  Timestamp                = {2016.02.01}
}

@Article{Hackl2009,
  Title                    = {{Strain rate patterns from dense GPS networks}},
  Author                   = {Hackl,M. and Malservisi,R. and Wdowinski,S.},
  Journal                  = {Natural Hazards and Earth System Science},
  Year                     = {2009},
  Number                   = {4},
  Pages                    = {1177-1187},
  Volume                   = {9},

  Language                 = {English},
  Owner                    = {danast},
  Timestamp                = {2015.11.14}
}

@Article{Harris1998,
  Title                    = {{Introduction to Special Section: Stress Triggers, Stress Shadows, and Implications for Seismic Hazard}},
  Author                   = {Harris, Ruth A.},
  Journal                  = {Journal of Geophysical Research: Solid Earth},
  Year                     = {1998},
  % Note                     = {DOI: \href{http://dx.doi.org/10.1029/98JB01576}{10.1029/98JB01576}},
  Number                   = {B10},
  Pages                    = {24347--24358},
  Volume                   = {103},

  Doi                      = {10.1029/98JB01576},
  ISSN                     = {2156-2202},
  Keywords                 = {Earthquake dynamics},
  % Url                      = {http://dx.doi.org/10.1029/98JB01576}
}

@Article{Harris1998a,
  Title                    = {{Suppression of large earthquakes by stress shadows: A comparison of Coulomb and rate-and-state failure}},
  Author                   = {Harris, Ruth A. and Simpson, Robert W.},
  Journal                  = {Journal of Geophysical Research: Solid Earth},
  Year                     = {1998},
  % Note                     = {DOI: \href{http://dx.doi.org/10.1029/98JB00793}{10.1029/98JB00793}},
  Number                   = {B10},
  Pages                    = {24439--24451},
  Volume                   = {103},

  Doi                      = {10.1029/98JB00793},
  ISSN                     = {2156-2202},
  Keywords                 = {Earthquake dynamics},
  % Url                      = {http://dx.doi.org/10.1029/98JB00793}
}

@Article{Harris1996,
  Title                    = {{In the shadow of 1857-the effect of the Great Ft. Tejon Earthquake on subsequent earthquakes in southern California}},
  Author                   = {Harris, Ruth A. and Simpson, Robert W.},
  Journal                  = {Geophysical Research Letters},
  Year                     = {1996},
  % Note                     = {DOI: \href{http://dx.doi.org/10.1029/96GL00015}{10.1029/96GL00015}},
  Number                   = {3},
  Pages                    = {229--232},
  Volume                   = {23},

  Doi                      = {10.1029/96GL00015},
  ISSN                     = {1944-8007},
  Keywords                 = {Seismology: Oceanic crust, Seismology: Seismicity and seismotectonics, Tectonophysics: General or miscellaneous},
  % Url                      = {http://dx.doi.org/10.1029/96GL00015}
}

@Article{Hartl1901,
  Title                    = {{Griechenland: Bericht über die Dreiecksmessungen}},
  Author                   = {Hartl,H},
  Journal                  = {Comptes Rendus de la 13me Conférence Général de l’Association Géodesique International},
  Year                     = {1901},
  Volume                   = {J. Brill, Leyden},

  Owner                    = {mitsos},
  Timestamp                = {2015.12.17}
}

@Article{Hasiotis2002319,
  Title                    = {{Earthquake-induced coastal sediment instabilities in the western Gulf of Corinth, Greece}},
  Author                   = {T Hasiotis and G Papatheodorou and G Bouckovalas and C Corbau and G Ferentinos},
  Journal                  = {Marine Geology },
  Year                     = {2002},
  % Note                     = {DOI: \href{http://dx.doi.org/10.1016/S0025-3227(02)00240-2}{10.1016/S0025-3227(02)00240-2}},
  Number                   = {3–4},
  Pages                    = {319 - 335},
  Volume                   = {186},

  Doi                      = {http://dx.doi.org/10.1016/S0025-3227(02)00240-2},
  ISSN                     = {0025-3227},
  Keywords                 = {coastal instabilities},
  % Url                      = {http://www.sciencedirect.com/science/article/pii/S0025322702002402}
}

@Article{Haslinger1999201,
  Title                    = {{3D crustal structure from local earthquake tomography around the Gulf of Arta (Ionian region, NW Greece)}},
  Author                   = {Haslinger, F. and Kissling, E. and Ansorge, J. and Hatzfeld, D. and Papadimitriou, E. and Karakostas, V. and Makropoulos, K. and Kahle, H.-G. and Peter, Y.},
  Journal                  = {Tectonophysics},
  Year                     = {1999},
  % Note                     = {cited By 99, DOI: \href{http://dx.doi.org/10.1016/S0040-1951(98)00298-4}{10.1016/S0040-1951(98)00298-4}},
  Number                   = {3},
  Pages                    = {201-218},
  Volume                   = {304},

  Document_type            = {Article},
  Doi                      = {10.1016/S0040-1951(98)00298-4},
  Source                   = {Scopus},
  % Url                      = {http://www.scopus.com/inward/record.% Url?eid=2-s2.0-0033561669&partnerID=40&md5=eef9e01cee367dac3ad631d55ffc9746}
}

@Article{Hatzfeld1995,
  Title                    = {{Microseismicity and strain pattern in northwestern Greece}},
  Author                   = {Hatzfeld, D. and Kassaras, I. and Panagiotopoulos, D. and Amorese, D. and Makropoulos, K. and Karakaisis, G. Coutant, O.},
  Journal                  = {Tectonics},
  Year                     = {1995},
  Number                   = {4},
  Pages                    = {773-785},
  Volume                   = {14},

  Owner                    = {danast},
  Timestamp                = {2016.02.07}
}

@Article{Hatzfeld1990181,
  Title                    = {{The strain pattern in the western Hellenic arc deduced from a microearthquake survey}},
  Author                   = {Hatzfeld, D. and Pedotti, G. and Hatzidimitriou, P. and Makropoulos, K.},
  Journal                  = {Geophysical Journal International},
  Year                     = {1990},
  % Note                     = {cited By 64},
  Number                   = {1},
  Pages                    = {181-202},
  Volume                   = {101},

  Source                   = {Scopus},
  % Url                      = {http://www.scopus.com/inward/record.% Url?eid=2-s2.0-0025224382&partnerID=40&md5=6df05ea46c18efc396c654d52d712962}
}

@Article{Hatzfeld1989283,
  Title                    = {{The Hellenic subduction beneath the Peloponnesus: first results of a microearthquake study}},
  Author                   = {D. Hatzfeld and G. Pedotti and P. Hatzidimitriou and D. Panagiotopoulos and M. Scordilis and I. Drakopoulos and K. Makropoulos and N. Delibasis and I. Latousakis and J. Baskoutas and M. Frogneux},
  Journal                  = {Earth and Planetary Science Letters },
  Year                     = {1989},
  % Note                     = {DOI: \href{http://dx.doi.org/10.1016/0012-821X(89)90076-9}{10.1016/0012-821X(89)90076-9}},
  Number                   = {2},
  Pages                    = {283 - 291},
  Volume                   = {93},

  Doi                      = {http://dx.doi.org/10.1016/0012-821X(89)90076-9},
  ISSN                     = {0012-821X},
  % Url                      = {http://www.sciencedirect.com/science/article/pii/0012821X89900769}
}

@Article{vanHinsbergen2006463,
  Title                    = {{Deformation of western Greece during Neogene clockwise rotation and collision with Apulia}},
  Author                   = {van Hinsbergen, D.J.J. and van der Meer, D.G. and Zachariasse, W.J. and Meulenkamp, J.E.},
  Journal                  = {International Journal of Earth Sciences},
  Year                     = {2006},
  Number                   = {3},
  Pages                    = {463-490},
  Volume                   = {95},

  Document_type            = {Article},
  Doi                      = {10.1007/s00531-005-0047-5},
  Source                   = {Scopus},
  % Url                      = {http://www.scopus.com/inward/record.% Url?eid=2-s2.0-33646433977&partnerID=40&md5=ecf65bdf00d3810857db1c1f676e3a5e}
}

@Article{Hinsbergen2006,
  Title                    = {{Deformation of western Greece during Neogene clockwise rotation and collision with Apulia}},
  Author                   = {van Hinsbergen,D. J. J. and van der Meer,D. G. and Zachariasse,W. J. and Meulenkamp,J. E.},
  Journal                  = {International Journal of Earth Sciences},
  Year                     = {2006},
  Number                   = {3},
  Pages                    = {463-490},
  Volume                   = {95},

  Doi                      = {10.1007/s00531-005-0047-5},
  Language                 = {English},
  Owner                    = {danast},
  Timestamp                = {2015.11.14}
}

@Article{HMGS1987,
  Title                    = {Time-dependent measurements of the Greek Trigonometric networks},
  Author                   = {HMGS},
  Journal                  = {Bull. Hell. Mil. Geogr. Serv.},
  Year                     = {1987},
  % Note                     = {(in Greek)},

  Owner                    = {danast},
  Timestamp                = {2017.06.09}
}

@Article{Hollenstein2006,
  Title                    = {{CGPS time-series and trajectories of crustal motion along the West Hellenic Arc}},
  Author                   = {Hollenstein,Ch and Geiger,A. and Kahle,H. -. and Veis,G.},
  Journal                  = {Geophysical Journal International},
  Year                     = {2006},
  Number                   = {1},
  Pages                    = {182-191},
  Volume                   = {164},
 Language                 = {English},
  Owner                    = {danast},
  Timestamp                = {2015.11.14}
}

@Article{Hollenstein2003,
  Title                    = {{New GPS constraints on the Africa-Eurasia plate boundary zone in southern Italy}},
  Author                   = {Hollenstein,Ch and Kahle,H. -. and Geiger,A. and Jenny,S. and Goes,S. and Giardini,D.},
  Journal                  = {Geophysical Research Letters},
  Year                     = {2003},
  % Note                     = {DOI: \href{http://dx.doi.org/10.1029/2003GL017554}{10.1029/2003GL017554}},
  Number                   = {18},
  Pages                    = {SDE 5-1 - 5-4},
  Volume                   = {30},

  Doi                      = {10.1029/2003GL017554},
  Language                 = {English},
  Owner                    = {danast},
  Timestamp                = {2015.11.14}
}

@Article{Hollenstein2008,
  Title                    = {{Crustal motion and deformation in Greece from a decade of GPS measurements, 1993-2003}},
  Author                   = {Hollenstein,Ch and Müller,M. D. and Geiger,A. and Kahle,H. -.},
  Journal                  = {Tectonophysics},
  Year                     = {2008},
  % Note                     = {DOI: \href{http://dx.doi.org/10.1016/j.tecto.2007.12.006}{10.1016/j.tecto.2007.12.006}},
  Number                   = {1-4},
  Pages                    = {17-40},
  Volume                   = {449},

  Doi                      = {10.1016/j.tecto.2007.12.006},
  Language                 = {English},
  Owner                    = {danast},
  Timestamp                = {2015.11.14},
  % Url                      = {http://dx.doi.org/10.1016/j.tecto.2007.12.006}
}

@Article{Jackson1994239,
  Title                    = {{Active tectonics of the Aegean region}},
  Author                   = {Jackson, J.},
  Journal                  = {Annual Review of Earth \& Planetary Sciences},
  Year                     = {1994},
  % Note                     = {cited By 217},
  Pages                    = {239-271},
  Volume                   = {22},

  Source                   = {Scopus},
  % Url                      = {http://www.scopus.com/inward/record.% Url?eid=2-s2.0-0028576050&partnerID=40&md5=da6c8a35e7c9bdf127a3e8b72eff92b0}
}

@Article{Jackson1982377,
  Title                    = {{Seismicity, normal faulting, and the geomorphological development of the Gulf of Corinth (Greece): the Corinth earthquakes of February and March 1981}},
  Author                   = {J.A. Jackson and J. Gagnepain and G. Houseman and G.C.P. King and P. Papadimitriou and C. Soufleris and J. Virieux},
  Journal                  = {Earth and Planetary Science Letters },
  Year                     = {1982},
  % Note                     = {DOI: \href{http://dx.doi.org/10.1016/0012-821X(82)90158-3}{10.1016/0012-821X(82)90158-3}},
  Number                   = {2},
  Pages                    = {377 - 397},
  Volume                   = {57},

  Doi                      = {http://dx.doi.org/10.1016/0012-821X(82)90158-3},
  ISSN                     = {0012-821X},
  % Url                      = {http://www.sciencedirect.com/science/article/pii/0012821X82901583}
}

@Article{Jackson1988,
  Title                    = {{The relationship between plate motions and seismic moment tensors and the rates of active deformation in the Mediterranean and Middle East}},
  Author                   = {J. Jackson and D. McKenzie},
  Journal                  = {Geophys. J.},
  Year                     = {1988},
  Pages                    = {45-73},
  Volume                   = {93},

  Owner                    = {mitsos},
  Timestamp                = {2016.02.01}
}

@Article{Jackson1988121,
  Title                    = {{Rates of active deformation in the Aegean Sea and surrounding regions}},
  Author                   = {Jackson, J. and McKenzie, D.},
  Journal                  = {Basin Research},
  Year                     = {1988},
  % Note                     = {cited By 88},
  Number                   = {3},
  Pages                    = {121-128},
  Volume                   = {1},

  Source                   = {Scopus},
  % Url                      = {http://www.scopus.com/inward/record.% Url?eid=2-s2.0-0024249447&partnerID=40&md5=91d86949dbdca7d8eedf3d0e98ffa9b9}
}

@Article{Jenny2004,
  Title                    = {{Earthquake recurrence parameters from seismic and geodetic strain rates in the eastern Mediterranean}},
  Author                   = {Jenny,S. and Goes,S. and Giardini,D. and Kahle,H. -.},
  Journal                  = {Geophysical Journal International},
  Year                     = {2004},
  % Note                     = {DOI: \href{http://dx.doi.org/10.1111/j.1365-246X.2004.02261.x}{10.1111/j.1365-246X.2004.02261.x}},
  Number                   = {3},
  Pages                    = {1331-1347},
  Volume                   = {157},

  Doi                      = {10.1111/j.1365-246X.2004.02261.x},
  Language                 = {English},
  Owner                    = {danast},
  Timestamp                = {2015.11.14}
}

@Article{Kahle2000,
  Title                    = {{GPS-derived strain rate field within the boundary zones of the Eurasian, African, and Arabian Plates}},
  Author                   = {Kahle,H. -. and Cocard,M. and Peter,Y. and Geiger,A. and Reilinger,R. and Barka,A. and Veis,G.},
  Journal                  = {Journal of Geophysical Research: Solid Earth},
  Year                     = {2000},
  Number                   = {B10},
  Pages                    = {23353-23370},
  Volume                   = {105},
  Language                 = {English},
  Owner                    = {danast},
  Timestamp                = {2015.11.14},
}

@Article{Kahle199541,
  Title                    = {{The strain field in northwestern Greece and the Ionian Islands: results inferred from GPS measurements}},
  Author                   = {Kahle, H.-G. and Müller, M.V. and Geiger, A. and Danuser, G. and Mueller, S. and Veis, G. and Billiris, H. and Paradissis, D.},
  Journal                  = {Tectonophysics},
  Year                     = {1995},
  % Note                     = {DOI: \href{http://dx.doi.org/10.1016/0040-1951(95)00042-L}{10.1016/0040-1951(95)00042-L}},
  Number                   = {1-2},
  Pages                    = {41-52},
  Volume                   = {249},

  Document_type            = {Article},
  Doi                      = {10.1016/0040-1951(95)00042-L},
  Source                   = {Scopus},
  % Url                      = {http://www.scopus.com/inward/record.% Url?eid=2-s2.0-0029544023&partnerID=40&md5=ba121873ad62485afd3bad16f00f1700}
}

@Article{Kahle1993651,
  Title                    = {{The Kephalonia transform fault and the rotation of the Apulian Platform: evidence from satellite geodesy}},
  Author                   = {Kahle, H.-G. and Muller, M.V. and Mueller, S. and Veis, G.},
  Journal                  = {Geophysical Research Letters},
  Year                     = {1993},
  % Note                     = {cited By 30},
  Number                   = {8},
  Pages                    = {651-654},
  Volume                   = {20},

  Source                   = {Scopus},
  % Url                      = {http://www.scopus.com/inward/record.% Url?eid=2-s2.0-0027385926&partnerID=40&md5=620706a6f8ed8940946453e61cb28e9c}
}

@Article{Kahle1996677,
  Title                    = {{Trajectories of crustal deformation of Western Greece from GPS observations 1989-1994}},
  Author                   = {Kahle, H.-G. and Müller, M.V. and Veis, G.},
  Journal                  = {Geophysical Research Letters},
  Year                     = {1996},
  % Note                     = {cited By 21},
  Number                   = {6},
  Pages                    = {677-680},
  Volume                   = {23},

  Document_type            = {Article},
  Source                   = {Scopus},
  % Url                      = {http://www.scopus.com/inward/record.% Url?eid=2-s2.0-0029773551&partnerID=40&md5=118e977e6b095e82db1ddc1914ec0811}
}

@Article{Karakostas2015,
  Title                    = {{The 2014 Kefalonia Doublet (Mw6.1 and Mw6.0), central Ionian Islands, Greece: Seismotectonic implications along the Kefalonia transform fault zone}},
  Author                   = {Karakostas,V. and Papadimitriou,E. and Mesimeri,M. and Gkarlaouni,C. and Paradisopoulou,P.},
  Journal                  = {Acta Geophysica},
  Year                     = {2015},
  % Note                     = {DOI: \href{http://dx.doi.org/10.2478/s11600-014-0227-4}{10.2478/s11600-014-0227-4}},
  Number                   = {1},
  Pages                    = {1-16},
  Volume                   = {63},

  Doi                      = {10.2478/s11600-014-0227-4},
  Language                 = {English},
  Owner                    = {danast},
  Timestamp                = {2015.11.14}
}

@Article{Karakostas2010,
  Title                    = {{Fault complexity associated with the 14 August 2003 Mw6.2 Lefkada, Greece, aftershock sequence}},
  Author                   = {Karakostas,V. G. and Papadimitriou,E. E.},
  Journal                  = {Acta Geophysica},
  Year                     = {2010},
  Number                   = {5},
  Pages                    = {838-854},
  Volume                   = {58},

  Language                 = {English},
  Owner                    = {danast},
  Timestamp                = {2015.11.14}
}

@Article{Karastathis2007215,
  Title                    = {{The application of shallow seismic techniques in the study of active faults: The Atalanti normal fault, central Greece}},
  Author                   = {Karastathis, V.K. and Ganas, A. and Makris, J. and Papoulia, J. and Dafnis, P. and Gerolymatou, E. and Drakatos, G.},
  Journal                  = {Journal of Applied Geophysics},
  Year                     = {2007},
  % Note                     = {DOI: \href{http://dx.doi.org/10.1016/j.jappgeo.2006.11.004}{10.1016/j.jappgeo.2006.11.004}},
  Number                   = {3},
  Pages                    = {215-233},
  Volume                   = {62},

  Document_type            = {Article},
  Doi                      = {10.1016/j.jappgeo.2006.11.004},
  Source                   = {Scopus},
  % Url                      = {http://www.scopus.com/inward/record.% Url?eid=2-s2.0-34249738588&partnerID=40&md5=9d48fcd8f16db0cb4a018e80b1b32423}
}

@Article{Karastathis2015,
  Title                    = {{High-precision relocation of seismic sequences above a dipping Moho: The case of the January-February 2014 seismic sequence on Cephalonia island (Greece)}},
  Author                   = {Karastathis,V. K. and Mouzakiotis,E. and Ganas,A. and Papadopoulos,G. A.},
  Journal                  = {Solid Earth},
  Year                     = {2015},
  % Note                     = {DOI: \href{http://dx.doi.org/10.5194/se-6-173-2015}{10.5194/se-6-173-2015}},
  Number                   = {1},
  Pages                    = {173-184},
  Volume                   = {6},

  Doi                      = {10.5194/se-6-173-2015},
  Owner                    = {danast},
  Timestamp                = {2015.11.14}
}

@Article{Kavvadias2015,
  Title                    = {{Seismic response verification and retrofitting of RC building subjected to 2014, Cephalonia Earthquakes}},
  Author                   = {Kavvadias,I. E. and Litina,I. P. and Kyriakidou,V. C. and Mamatsopoulou,F. T. and Vasiliadis,L. K.},
  Year                     = {2015},
  Pages                    = {3963-3971},

  Booktitle                = {COMPDYN 2015 - 5th ECCOMAS Thematic Conference on Computational Methods in Structural Dynamics and Earthquake Engineering},
  Editor                   = { },
  Owner                    = {danast},
  Timestamp                = {2015.11.14}
}

@Book{Keller2004,
  Title                    = {{Wavelets in Geodesy and Geodynamics}},
  Author                   = {Wolfgan Keller},
  Publisher                = {Walter de Gruyter · Berlin · New York},
  Year                     = {2004},

  Owner                    = {mitsos},
  Timestamp                = {2016.04.11}
}

@Article{King1994,
  Title                    = {{Static stress changes and the triggering of earthquakes.}},
  Author                   = {King, G.C.P. and Stein, R.S. and Lin, J.},
  Journal                  = {Bulletin of the Seismological Society of America},
  Year                     = {1994},

  Month                    = {March},
  Number                   = {3},
  Pages                    = {935–953},
  Volume                   = {84},

  Owner                    = {mitsos},
  Timestamp                = {2017.05.27}
}

@Article{King1993,
  Title                    = {{The landscape geometry and active tectonics of northwest Greece}},
  Author                   = {King,G. and Sturdy,D. and Whitney,J.},
  Journal                  = {Geological Society of America Bulletin},
  Year                     = {1993},
  % Note                     = {DOI: \href{http://dx.doi.org/10.1130/0016-7606(1993)105<0137:TLGAAT>2.3.CO;2}{10.1130/0016-7606(1993)105<0137:TLGAAT>2.3.CO;2}},
  Number                   = {2},
  Pages                    = {137-161},
  Volume                   = {105},

  Doi                      = {10.1130/0016-7606(1993)105<0137:TLGAAT>2.3.CO;2},
  Language                 = {English},
  Owner                    = {danast},
  Timestamp                = {2015.11.14}
}

@Article{Kiratzi1991529,
  Title                    = {{Moment tensor inversion of the 1983 January 17 Kefallinia event of Ionian Islands (Greece)}},
  Author                   = {Kiratzi, A.A. and Langston, C.A.},
  Journal                  = {Geophysical Journal International},
  Year                     = {1991},
  % Note                     = {cited By 36},
  Number                   = {2},
  Pages                    = {529-535},
  Volume                   = {105},

  Source                   = {Scopus},
  % Url                      = {http://www.scopus.com/inward/record.% Url?eid=2-s2.0-0025955019&partnerID=40&md5=636982145a9a28c0a1513c28749b0d55}
}

@Article{Kiratzi2008,
  Title                    = {{The April 2007 earthquake swarm near Lake Trichonis and implications for active tectonics in western Greece}},
  Author                   = {Kiratzi,A. and Sokos,E. and Ganas,A. and Tselentis,A. and Benetatos,C. and Roumelioti,Z. and Serpetsidaki,A. and Andriopoulos,G. and Galanis,O. and Petrou,P.},
  Journal                  = {Tectonophysics},
  Year                     = {2008},
  % Note                     = {DOI: \href{http://dx.doi.org/10.1016/j.tecto.2008.02.009}{10.1016/j.tecto.2008.02.009}},
  Number                   = {1-4},
  Pages                    = {51-65},
  Volume                   = {452},

  Doi                      = {10.1016/j.tecto.2008.02.009},
  Language                 = {English},
  Owner                    = {danast},
  Timestamp                = {2015.11.14}
}

@Article{Kokinou2005,
  Title                    = {DEEP SEISMIC REFLECTION DATA FROM OFFSHORE WESTERN {G}REECE: A NEW CRUSTAL MODEL FOR THE {I}ONIAN {S}EA},
  Author                   = {Kokinou, E. and Kamberis, E. and Vafidis, A. and Monopolis, D. and Ananiadis, G. and Zelilidis, A.},
  Journal                  = {Journal of Petroleum Geology},
  Year                     = {2005},
  % Note                     = {DOI: \href{http://dx.doi.org/10.1111/j.1747-5457.2005.tb00079.x}{10.1111/j.1747-5457.2005.tb00079.x}},
  Number                   = {2},
  Pages                    = {185--202},
  Volume                   = {28},

  Doi                      = {10.1111/j.1747-5457.2005.tb00079.x},
  ISSN                     = {1747-5457},
  Publisher                = {Blackwell Publishing Ltd},
  % Url                      = {http://dx.doi.org/10.1111/j.1747-5457.2005.tb00079.x}
}

@Article{Kokkalas201373,
  Title                    = {{Coexistence of thin- and thick-skinned tectonics in Zakynthos area (western Greece): Insights from seismic sections and regional seismicity}},
  Author                   = {S. Kokkalas and E. Kamberis and P. Xypolias and S. Sotiropoulos and I. Koukouvelas},
  Journal                  = {Tectonophysics },
  Year                     = {2013},
  % Note                     = {The Aegean: a natural laboratory for tectonics - Neotectonics. DOI: \href{http://dx.doi.org/10.1016/j.tecto.2012.08.004}{10.1016/j.tecto.2012.08.004}},
  Pages                    = {73 - 84},
  Volume                   = {597–598},

  Doi                      = {http://dx.doi.org/10.1016/j.tecto.2012.08.004},
  ISSN                     = {0040-1951},
  Keywords                 = {Thrust system},
  % Url                      = {http://www.sciencedirect.com/science/article/pii/S0040195112004805}
}

@Conference{Kotrotsi2015,
  Title                    = {{A deformation Study in South Attiki and East Peloponnese}},
  Author                   = {Elena Kotrotsi and A Marinou and D Anastasiou and X Papanikolaou and D Paradissis},
  Booktitle                = {The Volcanic and Geodynamic Field of the South Aegean, International Workshop, 20-22 May, Santorini, Greece},
  Year                     = {2015},

  Owner                    = {danast},
  Timestamp                = {2015.11.14}
}

@Article{Kreemer2004,
  Title                    = {{Contemporary kinematics of the southern Aegean and the Mediterranean Ridge}},
  Author                   = {Kreemer, Corné and Chamot-Rooke, Nicolas},
  Journal                  = {Geophysical Journal International},
  Year                     = {2004},
  % Note                     = {DOI: \href{http://dx.doi.org/10.1111/j.1365-246X.2004.02270.x}{10.1111/j.1365-246X.2004.02270.x}},
  Number                   = {3},
  Pages                    = {1377--1392},
  Volume                   = {157},

  Doi                      = {10.1111/j.1365-246X.2004.02270.x},
  ISSN                     = {1365-246X},
  Keywords                 = {Aegean, crustal deformation, Global Positioning System (GPS), Mediterranean ridge, tectonics, plate convergence},
  Publisher                = {Blackwell Science Ltd},
  % Url                      = {http://dx.doi.org/10.1111/j.1365-246X.2004.02270.x}
}

@Article{Kreemer2003,
  Title                    = {{An integrated global model of present-day plate motions and plate boundary deformation}},
  Author                   = {Kreemer, Corné and Holt, William E. and Haines, A. John},
  Journal                  = {Geophysical Journal International},
  Year                     = {2003},
  % Note                     = {DOI: \href{http://dx.doi.org/10.1046/j.1365-246X.2003.01917.x}{10.1046/j.1365-246X.2003.01917.x}},
  Number                   = {1},
  Pages                    = {8--34},
  Volume                   = {154},

  Doi                      = {10.1046/j.1365-246X.2003.01917.x},
  ISSN                     = {1365-246X},
  Keywords                 = {continental tectonics, global, GPS, plate boundary, plate motions},
  Publisher                = {Blackwell Science Ltd},
  % Url                      = {http://dx.doi.org/10.1046/j.1365-246X.2003.01917.x}
}

@Article{Lagios201243,
  Title                    = {{Combined Seismicity Pattern Analysis, \{DGPS\} and \{PSInSAR\} studies in the broader area of Cephalonia (Greece)}},
  Author                   = {E. Lagios and P. Papadimitriou and F. Novali and V. Sakkas and A. Fumagalli and K. Vlachou and S. Del Conte},
  Journal                  = {Tectonophysics },
  Year                     = {2012},
  % Note                     = {DOI: \href{http://dx.doi.org/10.1016/j.tecto.2011.12.015}{10.1016/j.tecto.2011.12.015}},
  Pages                    = {43 - 58},
  Volume                   = {524–525},

  Doi                      = {http://dx.doi.org/10.1016/j.tecto.2011.12.015},
  ISSN                     = {0040-1951},
  Keywords                 = {Differential GPS},
  % Url                      = {http://www.sciencedirect.com/science/article/pii/S0040195111005130}
}

@Article{Lagios2007119,
  Title                    = {{Crustal deformation in the Central Ionian Islands (Greece): Results from DGPS and DInSAR analyses (1995-2006)}},
  Author                   = {Lagios, E. and Sakkas, V. and Papadimitriou, P. and Parcharidis, I. and Damiata, B.N. and Chousianitis, K. and Vassilopoulou, S.},
  Journal                  = {Tectonophysics},
  Year                     = {2007},
  % Note                     = {DOI: \href{http://dx.doi.org/10.1016/j.tecto.2007.08.018}{10.1016/j.tecto.2007.08.018}},
  Number                   = {1-4},
  Pages                    = {119-145},
  Volume                   = {444},

  Document_type            = {Article},
  Doi                      = {10.1016/j.tecto.2007.08.018},
  Source                   = {Scopus},
  % Url                      = {http://www.scopus.com/inward/record.% Url?eid=2-s2.0-35148881770&partnerID=40&md5=e8cdf15ec4f4e50d5c5a8eff35c8b761}
}

@Article{LePichon1979,
  Title                    = {{The Hellenic arc and trench system: a key to neotectonic evolution of the eastern Mediterranean area}},
  Author                   = {Le Pichon, X. and J. Angelier},
  Journal                  = {Tectonophysics},
  Year                     = {1979},
  Pages                    = {1-42},
  Volume                   = {60},

  Owner                    = {danast},
  Timestamp                = {2016.02.07}
}

@Article{LePichon1995,
  Title                    = {{Geodetic determination of the kinematics of central Greece with respect to Europe: implications for eastern Mediterranean tectonics}},
  Author                   = {LePichon, X. and Chamot-Rooke, N. and Lallemant, S. and Noomen, R. and Veis, G.},
  Journal                  = {Journal of Geophysical Research},
  Year                     = {1995},
  Number                   = {B7},
  Pages                    = {12,675-12,690},
  Volume                   = {100},

  Language                 = {English},
  Owner                    = {danast},
  Timestamp                = {2015.11.14}
}

@Article{LePichon2010,
  Title                    = {{The Miocene-to-Present Kinematic Evolution of the Eastern Mediterranean and Middle East and Its Implications for Dynamics}},
  Author                   = {Le Pichon, Xavier and Kreemer, Corne},
  Journal                  = {ANNUAL REVIEW OF EARTH AND PLANETARY SCIENCES},
  Year                     = {2010},
  % Note                     = {DOI: \href{http://dx.doi.org/10.1146/annurev-earth-040809-152419}{10.1146/annurev-earth-040809-152419}},
  Pages                    = {323-351},
  Volume                   = {38},

  Doi                      = {10.1146/annurev-earth-040809-152419},
  Owner                    = {mitsos},
  Timestamp                = {2016.02.03}
}

@Article{Lekkas1998,
  Title                    = {{Egio earthquake (15 June 1995): an episode in the neotectonic evolution of Corithiakos Gulf}},
  Author                   = {E. L. Lekkas and S. G. Lozios and E. N. Skourtsos and H. D. Kranis},
  Journal                  = {J. Geodynamics},
  Year                     = {1998},
  Number                   = {2-4},
  Pages                    = {487-499},
  Volume                   = {26},

  Owner                    = {mitsos},
  Timestamp                = {2016.03.31}
}

@Article{Lekkas2015,
  Title                    = {{Earthquake environmental effects and ESI 2007 seismic intensities of the early 2014 Cephalonia (Ionian Sea, western Greece) earthquakes (January 26 and February 3, Mw 6.0)}},
  Author                   = {Lekkas,E. L. and Mavroulis,S. D.},
  Journal                  = {Natural Hazards},
  Year                     = {2015},
  Number                   = {3},
  Pages                    = {1517-1544},
  Volume                   = {78},

  Doi                      = {10.1007/s11069-015-1791-x},
  Owner                    = {danast},
  Timestamp                = {2015.11.14}
}

@Article{Louvari1999,
  Title                    = {{The Cephalonia Transform Fault and its extension to western Lefkada Island (Greece)}},
  Author                   = {Louvari,E. and Kiratzi,A. A. and Papazachos,B. C.},
  Journal                  = {Tectonophysics},
  Year                     = {1999},
  % Note                     = {DOI: \href{http://dx.doi.org/10.1016/S0040-1951(99)00078-5}{10.1016/S0040-1951(99)00078-5}},
  Number                   = {1-2},
  Pages                    = {223-236},
  Volume                   = {308},

  Doi                      = {10.1016/S0040-1951(99)00078-5},
  Language                 = {English},
  Owner                    = {danast},
  Timestamp                = {2015.11.14}
}

@Article{Louvari20011613,
  Title                    = {{Fault-plane solutions determined by waveform modeling confirm tectonic collision in the Eastern Adriatic}},
  Author                   = {Louvari, E. and Kiratzi, A. and Papazachos, B. and Hatzidimitriou, P.},
  Journal                  = {Pure and Applied Geophysics},
  Year                     = {2001},
  % Note                     = {cited By 20},
  Number                   = {9-10},
  Pages                    = {1613-1637},
  Volume                   = {158},

  Document_type            = {Article},
  Source                   = {Scopus},
  % Url                      = {http://www.scopus.com/inward/record.% Url?eid=2-s2.0-0034813934&partnerID=40&md5=6a9861ea061e697495e72eb0323b0ac2}
}

@Article{Makropoulos2012,
  Title                    = {{An updated and extended earthquake catalogue for Greece and adjacent areas since 1900}},
  Author                   = {K. Makropoulos and G. Kaviris and V. Kouskouna},
  Journal                  = {Nat. Hazards Earth Syst. Sci.},
  Year                     = {2012},
  % Note                     = {DOI: \href{http://dx.doi.org/10.5194/nhess-12-1425-2012}{10.5194/nhess-12-1425-2012}},
  Pages                    = {1425-1430},
  Volume                   = {12},

  Doi                      = {10.5194/nhess-12-1425-2012},
  Owner                    = {mitsos},
  Timestamp                = {2016.02.09}
}

@Article{Makropoulos1994,
  Title                    = {{The Ionian Islands earthquakes of 1767 and 1769: seismological aspects. Contribution of historical information to a realistic seismicity and hazard assessment of an area}},
  Author                   = {Makropoulos, K.C. and Kouskouna, V. and Albini, P. and Moroni, A},
  Journal                  = {Materials of CEC Project, Review of Historical Seismicity in Europe},
  Year                     = {1994},
  Pages                    = {254},
  Volume                   = {2CNR},

  Owner                    = {mitsos},
  Timestamp                = {2016.02.03}
}

@Article{Makropoulos1984275,
  Title                    = {{Greek tectonics and seismicity}},
  Author                   = {Kostas C. Makropoulos and Paul W. Burton},
  Journal                  = {Tectonophysics },
  Year                     = {1984},
  % Note                     = {DOI: \href{http://dx.doi.org/10.1016/0040-1951(84)90181-1}{10.1016/0040-1951(84)90181-1}},
  Number                   = {3–4},
  Pages                    = {275 - 304},
  Volume                   = {106},

  Doi                      = {http://dx.doi.org/10.1016/0040-1951(84)90181-1},
  ISSN                     = {0040-1951},
  % Url                      = {http://www.sciencedirect.com/science/article/pii/0040195184901811}
}

@Conference{Marinou2010,
  Title                    = {{Deformation studies in the Kaparelli Area, Central Greece}},
  Author                   = {Aggeliki Marinou and Athanassios Ganas and Xanthos Papanikolaou and Jaroslaw Bosy and Kalliope Papazissi and Demitris Anastasiou and Demitris Paradissis and George Drakatos and Bernard Kontny and Stefan Cacon and Marios Papanikolaou},
  Booktitle                = {15th General Assembly of WEGENER, 14 - 17 September 2010, Istanbul, Turkey},
  Year                     = {2010},

  Owner                    = {danast},
  Timestamp                = {2015.11.14}
}

@Article{Marinou2015a,
  Title                    = {{Strain patterns along the Kaparelli–Asopos rift (central Greece) from campaign GPS data}},
  Author                   = {Aggeliki Marinou and Athanassios Ganas and Kalliopi Papazissi and Demitris Paradissis},
  Journal                  = {ANNALS OF GEOPHYSICS},
  Year                     = {2015},
  % Note                     = {DOI: \href{http://dx.doi.org/10.4401/ag-6418}{10.4401/ag-6418}},
  Number                   = {2},
  Pages                    = {S0219},
  Volume                   = {58},

  Doi                      = {10.4401/ag-6418},
  Owner                    = {danast},
  Timestamp                = {2015.11.14}
}

@Conference{Marinou2015b,
  Title                    = {{A Matlab application for the estimation of Euler pole parameters (EP)}},
  Author                   = {A Marinou and V Meglis and K Papazissi and D Paradissis},
  Booktitle                = {26th General Assembly of the International Union of Geodesy and Geophysics,Prague, Czech Republic, 22/6 - 2/7},
  Year                     = {2015},

  Owner                    = {danast},
  Timestamp                = {2015.11.14}
}

@Conference{Marinou2015,
  Title                    = {{Deformation study in Central Greece using 20 years of GPS data}},
  Author                   = {Aggeliki Marinou and Kaliopi Papazissi and Christiana Mitsakaki and Demitris Paradissis and Xanthos Papanikolaou and Demitris Anastasiou},
  Booktitle                = {European Geosciences Union General Assembly 2015, Vienna, Austria, 12 - 17 April 2015},
  Year                     = {2015},

  Owner                    = {danast},
  Timestamp                = {2015.11.14}
}

@Article{McClusky2000,
  Title                    = {{Global Positioning System constraints on plate kinematics and dynamics in the eastern Mediterranean and Caucasus}},
  Author                   = {McClusky,S. and Balassanian,S. and Barka,A. and Demir,C. and Ergintav,S. and Georgiev,I. and Gurkan,O. and Hamburger,M. and Hurst,K. and Kahle,H. and Kastens,K. and Kekelidze,G. and King,R. and Kotzev,V. and Lenk,O. and Mahmoud,S. and Mishin,A. and Nadariya,M. and Ouzounis,A. and Paradissis,D. and Peter,Y. and Prilepin,M. and Reilinger,R. and Sanli,I. and Seeger,H. and Tealeb,A. and Toksöz,M. N. and Veis,G.},
  Journal                  = {Journal of Geophysical Research: Solid Earth},
  Year                     = {2000},
  Number                   = {B3},
  Pages                    = {5695-5719},
  Volume                   = {105},

  Language                 = {English},
  Owner                    = {danast},
  Timestamp                = {2015.11.14}
}

@Article{McKenzie1972,
  Title                    = {{Active tectonics of the Mediterranean Region}},
  Author                   = {D.P. McKenzie},
  Journal                  = {Geophys. J. R. Astr. Soc.},
  Year                     = {1972},
  Pages                    = {109-185},
  Volume                   = {30},

  Owner                    = {mitsos},
  Timestamp                = {2016.02.02}
}

@Article{McKenzie1986,
  Title                    = {{A block model of distributed deformation by faulting}},
  Author                   = {D. McKenzie and J. Jackson},
  Journal                  = {J. Geol. Soc. London,},
  Year                     = {1986},
  Pages                    = {349-353},
  Volume                   = {143},

  Owner                    = {mitsos},
  Timestamp                = {2016.02.01}
}

@Article{McNeill2004,
  Title                    = {{Uplift and slip rates of the eastern Eliki fault segment, Gulf of Corinth, Greece, inferred from Holocene and Pleistocene terraces}},
  Author                   = {L.C. McNeill and R.E.Ll. Collier},
  Journal                  = {Journal of the Geological Society},
  Year                     = {2004},

  Month                    = {January},
  % Note                     = {DOI: \href{http://dx.doi.org/10.1144/0016-764903-029}{10.1144/0016-764903-029}},
  Number                   = {1},
  Pages                    = {81-92},
  Volume                   = {161},

  Doi                      = {10.1144/0016-764903-029},
  Owner                    = {mitsos},
  Timestamp                = {2016.03.28}
}

@Article{Melis1989,
  Title                    = {{A microearthquake study in the Gulf of Patras region, western Greece, and its seismotectonic interpretation.}},
  Author                   = {Melis, N.S. and Brooks, M. and Pearce, R.G.},
  Journal                  = {Geophys. J.},
  Year                     = {1989},
  Pages                    = {515-524},
  Volume                   = {98},

  Owner                    = {mitsos},
  Timestamp                = {2016.03.28},
  % Url                      = {http://members.noa.gr/nmelis/en/Papers/02_1989_GJI_98_515_524.pdf}
}

@Article{Melis1995,
  Title                    = {{Coseismic crustal deformation from microseismicity in the Patras area, western Greece.}},
  Author                   = {Melis, N.S. and Burton, P.W. and Brooks, M.},
  Journal                  = {Geophys. J. Int.},
  Year                     = {1995},
  Pages                    = {815-836},
  Volume                   = {122},

  Owner                    = {mitsos},
  Timestamp                = {2016.03.28},
  % Url                      = {http://members.noa.gr/nmelis/en/Papers/03_1995_GJI_122_815_836.pdf}
}

@Article{Minster1978,
  Title                    = {{Present-day plate motions}},
  Author                   = {Minster, J. Bernard and Jordan, Thomas H.},
  Journal                  = {Journal of Geophysical Research: Solid Earth},
  Year                     = {1978},
  % Note                     = {DOI: \href{http://dx.doi.org/10.1029/JB083iB11p05331}{10.1029/JB083iB11p05331}},
  Number                   = {B11},
  Pages                    = {5331--5354},
  Volume                   = {83},

  Doi                      = {10.1029/JB083iB11p05331},
  ISSN                     = {2156-2202},
  Keywords                 = {Tectonophysics: Plate tectonics, Information Related to Geographic Region: General or miscellaneous},
  % Url                      = {http://dx.doi.org/10.1029/JB083iB11p05331}
}

@Article{Mitsakaki201353,
  Title                    = {{Static stress changes and fault interactions in Lefkada Island, Western Greece}},
  Author                   = {C. Mitsakaki and Th. Rondoyanni and D. Anastasiou and K. Papazissi and A. Marinou and M. Sakellariou},
  Journal                  = {Journal of Geodynamics },
  Year                     = {2013},
  % Note                     = {\{WEGENER\} 2010, DOI: \href{http://dx.doi.org/10.1016/j.jog.2012.04.007}{10.1016/j.jog.2012.04.007}},
  Pages                    = {53 - 61},
  Volume                   = {67},

  Doi                      = {http://dx.doi.org/10.1016/j.jog.2012.04.007},
  ISSN                     = {0264-3707},
  Keywords                 = {Ionian Islands seismotectonics},
  % Url                      = {http://www.sciencedirect.com/science/article/pii/S0264370712000683}
}

@Article{Mitsakaki2013a,
  Title                    = {{Coulomb stress changes in active tectonic regions of Greece.}},
  Author                   = {C Mitsakaki and M Sakellariou and K Papazissi and D Anastasiou and A Marinou D Paradissis},
  Journal                  = {Honorary Volume in honor of D.Vlachos, Professor of the Aristotle University of Thessaloniki},
  Year                     = {2013},

  Owner                    = {danast},
  Timestamp                = {2015.11.14}
}

@Article{Moretti2003323,
  Title                    = {{The Gulf of Corinth: an active half graben?}},
  Author                   = {Isabelle Moretti and D. Sakellariou and V. Lykousis and L. Micarelli},
  Journal                  = {Journal of Geodynamics },
  Year                     = {2003},
  % Note                     = {Active Faults: Analysis, Processes and Monitoring. DOI: \href{http://dx.doi.org/10.1016/S0264-3707(03)00053-X}{10.1016/S0264-3707(03)00053-X}},
  Number                   = {1–2},
  Pages                    = {323 - 340},
  Volume                   = {36},

  Doi                      = {http://dx.doi.org/10.1016/S0264-3707(03)00053-X},
  ISSN                     = {0264-3707},
  % Url                      = {http://www.sciencedirect.com/science/article/pii/S026437070300053X}
}

@Article{Morewood2001473,
  Title                    = {{Comparison of surface slip and focal mechanism slip data along normal faults: An example from the eastern Gulf of Corinth, Greece}},
  Author                   = {Morewood, N.C. and Roberts, G.P.},
  Journal                  = {Journal of Structural Geology},
  Year                     = {2001},
  % Note                     = {DOI: \href{http://dx.doi.org/10.1016/S0191-8141(00)00126-7}{10.1016/S0191-8141(00)00126-7}},
  Number                   = {2-3},
  Pages                    = {473-487},
  Volume                   = {23},

  Document_type            = {Article},
  Doi                      = {10.1016/S0191-8141(00)00126-7},
  Source                   = {Scopus},
  % Url                      = {http://www.scopus.com/inward/record.% Url?eid=2-s2.0-0035053508&partnerID=40&md5=84da5218e10a651b98a851b9235f642f}
}

@Electronic{ETOPO2,
  Title                    = {{2-minute Gridded Global Relief Data (ETOPO2) v2.}},
  Author                   = {NGDC-NOAA},
  % Note                     = {DOI: \href{http://dx.doi.org/10.7289/V5J1012Q}{10.7289/V5J1012Q}},
  Organization             = {National Geophysical Data Center, NOAA.},
  Year                     = {2006},

  Doi                      = {10.7289/V5J1012Q},
  Owner                    = {mitsos},
  Timestamp                = {2017.05.27}
}

@PhdThesis{Nikolaidis2002,
  Title                    = {{Observation of Geodetic and Seismic Deformation with the Global Positioning System}},
  Author                   = {Rosanne Nikolaidis},
  School                   = {University of California, San Diego},
  Year                     = {2002},

  Owner                    = {mitsos},
  Timestamp                = {2017.05.24}
}

@Article{Okada1992,
  Title                    = {{Internal deformation due to shear and tensile faults in a half-space}},
  Author                   = {Yoshimitsu Okada},
  Journal                  = {Bulletin of the Seismological Society of America},
  Year                     = {1992},
  Number                   = {2},
  Pages                    = {1018-1040},
  Volume                   = {82},

  Owner                    = {mitsos},
  Timestamp                = {2016.03.28},
  % Url                      = {http://www.bssaonline.org/content/82/2/1018.abstract}
}

@Article{Okada1985,
  Title                    = {{Surface defirmation due to shear and tensile faults in a half-space}},
  Author                   = {Yoshimitsu Okada},
  Journal                  = {Bulletin of the Seismological Society of America},
  Year                     = {1985},

  Month                    = {August},
  Number                   = {4},
  Pages                    = {1135-1154},
  Volume                   = {75},

  Owner                    = {mitsos},
  Timestamp                = {2016.03.28},
  % Url                      = {http://www.bosai.go.jp/study/application/dc3d/download/Okada_1985_BSSA.pdf}
}

@Article{Pantosti2004531,
  Title                    = {{Paleoseismological trenching across the Atalanti fault (Central Greece): Evidence for the ancestors of the 1894 earthquake during the Middle Ages and Roman Times}},
  Author                   = {Pantosti, D. and De Martini, P.M. and Papanastassiou, D. and Lemeille, F. and Palyvos, N. and Stavrakakis, G.},
  Journal                  = {Bulletin of the Seismological Society of America},
  Year                     = {2004},
  % Note                     = {cited By 17},
  Number                   = {2},
  Pages                    = {531-549},
  Volume                   = {94},

  Document_type            = {Article},
  Source                   = {Scopus},
  % Url                      = {http://www.scopus.com/inward/record.% Url?eid=2-s2.0-2542596999&partnerID=40&md5=05465caec1aa559a47900309fa841d93}
}

@Article{Pantosti2001,
  Title                    = {{A Reappraisal of the 1894 Atalanti Earthquake Surface Ruptures, Central Greece}},
  Author                   = {D. Pantosti and P. M. De Martini and D. Papanastassiou and N. Palyvos and F. Lemeille and G. Stavrakakis},
  Journal                  = {Bulletin of the Seismological Society of America,},
  Year                     = {2001},

  Month                    = {August},
  Number                   = {4},
  Pages                    = {760-780},
  Volume                   = {91},

  Owner                    = {mitsos},
  Timestamp                = {2016.02.05},
  % Url                      = {http://www.gein.noa.gr/Greek/Staff/D.Papanastasiou/publications/A37.pdf}
}

@Article{Papadimitriou1993,
  Title                    = {{Focal mechanism along the convex side of the Hellenic Arc}},
  Author                   = {Papadimitriou, E.E.},
  Journal                  = {Bollettino di Geofisica Teorica ed Applicata},
  Year                     = {1993},
  Number                   = {140},
  Pages                    = {401-426},
  Volume                   = {35},

  Owner                    = {danast},
  Timestamp                = {2016.02.07}
}

@Article{Papadimitriou2006,
  Title                    = {{The MW = 6.3 2003 Lefkada earthquake (Greece) and induced stress transfer changes}},
  Author                   = {Papadimitriou,P. and Kaviris,G. and Makropoulos,K.},
  Journal                  = {Tectonophysics},
  Year                     = {2006},
  % Note                     = {DOI: \href{http://dx.doi.org/10.1016/j.tecto.2006.03.003}{10.1016/j.tecto.2006.03.003}},
  Number                   = {1-4},
  Pages                    = {73-82},
  Volume                   = {423},

  Doi                      = {10.1016/j.tecto.2006.03.003},
  Language                 = {English},
  Owner                    = {danast},
  Timestamp                = {2015.11.14}
}

@Article{Papadopoulos2014,
  Title                    = {{The Cephalonia, Ionian Sea (Greece), sequence of strong earthquakes of January-February 2014: a first report}},
  Author                   = {Gerassimos A. Papadopoulos and Vassilios K. Karastathis and Ioannis Koukouvelas and Maria Sachpazi and Ioannis Baskoutas and Gerassimos Chouliaras and Apostolos Agalos and Eleni Daskalaki and George Minadakis and Alexandra Moshou and Aggelos Mouzakiotis and Katerina Orfanogiannaki and Antonia Papageorgiou and Dimitrios Spanos and Ioanna Triantafyllou},
  Journal                  = {Research in Geophysics},
  Year                     = {2014},
  % Note                     = {DOI: \href{http://dx.doi.org/10.4081/rg.2014.5441}{10.4081/rg.2014.5441}},
  Number                   = {1},
  Pages                    = {19-29},
  Volume                   = {4},

  Doi                      = {10.4081/rg.2014.5441},
  Owner                    = {danast},
  Timestamp                = {2016.04.07},
  % Url                      = {http://dx.doi.org/10.4081/rg.2014.5441}
}

@Article{Papadopoulos2003713,
  Title                    = {{The Lefkada, Ionian Sea (Greece), shock (Mw 6.2) of 14 August 2003: Evidence for the characteristic earthquake from seismicity and ground failures}},
  Author                   = {Papadopoulos, G.A. and Karastathis, V.K. and Ganas, A. and Pavlides, S. and Fokaefs, A. and Orfanogiannaki, K.},
  Journal                  = {Earth, Planets and Space},
  Year                     = {2003},
  % Note                     = {cited By 29},
  Number                   = {11},
  Pages                    = {713-718},
  Volume                   = {55},

  Document_type            = {Article},
  Source                   = {Scopus},
  % Url                      = {http://www.scopus.com/inward/record.% Url?eid=2-s2.0-11144296650&partnerID=40&md5=605ca455b404b583d6c549d6494d2561}
}

@Article{Papaioannou2000,
  Title                    = {{Time-independent and time-dependent seismic hazard in Greece based on seismogenic sources}},
  Author                   = {Papaioannou,Ch A. and Papazachos,B. C.},
  Journal                  = {Bulletin of the Seismological Society of America},
  Year                     = {2000},
  Number                   = {1},
  Pages                    = {22-33},
  Volume                   = {90},

  Language                 = {English},
  Owner                    = {danast},
  Timestamp                = {2015.11.14}
}

@Article{Papanastasiou2001,
  Title                    = {{A revised catalogue of earthquakes in the broader area of Greece for the period 1950-2000}},
  Author                   = {D. Papanastasiou and J. Latoussakis and G. Stavrakakis},
  Journal                  = {Bulletin of the Geological Society of Greece},
  Year                     = {2001},
  Pages                    = {1563-1566},
  Volume                   = {XXXIV/4,},

  Owner                    = {mitsos},
  Timestamp                = {2016.03.29},
  % Url                      = {http://www.gein.noa.gr/Documents/pdf/cataldoc.pdf}
}

@Conference{Papanikolaou2015,
  Title                    = {{Routine Analysis of all available GNSS Stations in Greece: Processing Scheme and Dissemination of Products and Data.}},
  Author                   = {Xanthos Papanikolaou and Demitris Anastasiou and Aggeliki Marinou and Vangelis Zacharis and Demitris Paradissis},
  Booktitle                = {European Geosciences Union General Assembly 2015, Vienna, Austria, 12 - 17 April 2015},
  Year                     = {2015},

  Owner                    = {danast},
  Timestamp                = {2015.11.14}
}

@Conference{Papanikolaou2015a,
  Title                    = {{Routine Analysis of all available GNSS Stations in Greece: Data, products and preliminary results}},
  Author                   = {X Papanikolaou and D Anastasiou and A Marinou and V Zacharis and D Paradissis},
  Booktitle                = {The Volcanic and Geodynamic Field of the South Aegean, International Workshop, 20-22 May, Santorini, Greece},
  Year                     = {2015},

  Owner                    = {danast},
  Timestamp                = {2015.11.14}
}

@Conference{Papanikolaou2015b,
  Title                    = {{Routine analysis of GNSS stations in South Aegean: Processing scheme, results and dissemination of products and data.}},
  Author                   = {X Papanikolaou and D Anastasiou and A Marinou and V Zacharis and D Paradissis},
  Booktitle                = {26th General Assembly of the International Union of Geodesy and Geophysics,Prague, Czech Republic, 22/6 - 2/7},
  Year                     = {2015},

  Owner                    = {danast},
  Timestamp                = {2015.11.14}
}

@Conference{Papanikolaou2015c,
  Title                    = {{Planning DSO Contribution to EUREF Densification}},
  Author                   = {X Papanikolaou and D Anastasiou and V Zacharis and A Marinou and E Tita and D Paradissis},
  Booktitle                = {EUREF ACworkshop2015, 14-15 October 2015, Astronomical Institute, University of Bern, Switzerland.},
  Year                     = {2015},

  Owner                    = {danast},
  Timestamp                = {2015.11.14}
}

@Conference{Papanikolaou2010,
  Title                    = {{An automated processing scheme designed for all available permanent GPS stations in Greece}},
  Author                   = {Xanthos Papanikolaou and Aggeliki Marinou and Christiana Mitsakaki and Kalliope Papazissi and Demitris Paradissis and Vangelis Zacharis and Demitris Anastasiou},
  Booktitle                = {15th General Assembly of WEGENER, 14 - 17 September 2010, Istanbul, Turkey},
  Year                     = {2010},

  Owner                    = {danast},
  Timestamp                = {2015.11.14}
}

@Conference{Papanikolaou2009,
  Title                    = {{Statistical evaluation of the deformation pattern derived from GPS data for the Kaparelli area}},
  Author                   = {X Papanikolaou and K Papazissi and A Ganas and D Paradissis and C Mitsakaki and A Marinou and J Bosy and G Drakatos and B Kontny and S Cacon},
  Booktitle                = {2nd Int.Workshop Advances in understanding crustal deformation in SE Europe using GNSSystems, Nevrokopi, Greece},
  Year                     = {2009},

  Owner                    = {danast},
  Timestamp                = {2015.11.14}
}

@Article{Papathanassiou2016,
  Title                    = {{Recurrent liquefaction-induced failures triggered by 2014 Cephalonia, Greece earthquakes: Spatial distribution and quantitative analysis of liquefaction potential }},
  Author                   = {George Papathanassiou and Athanassios Ganas and Sotirios Valkaniotis},
  Journal                  = {Engineering Geology },
  Year                     = {2016},
  % Note                     = {DOI: \href{http://dx.doi.org/10.1016/j.enggeo.2015.11.011}{10.1016/j.enggeo.2015.11.011}},
  Pages                    = {18 - 30},
  Volume                   = {200},

  Doi                      = {http://dx.doi.org/10.1016/j.enggeo.2015.11.011},
  ISSN                     = {0013-7952},
  Keywords                 = {Liquefaction},
  % Url                      = {http://www.sciencedirect.com/science/article/pii/S001379521530096X}
}

@Article{Papathanassiou200512,
  Title                    = {{The 2003 Lefkada earthquake: Field observations and preliminary microzonation map based on liquefaction potential index for the town of Lefkada}},
  Author                   = {Papathanassiou, G. and Pavlides, S. and Ganas, A.},
  Journal                  = {Engineering Geology},
  Year                     = {2005},
  % Note                     = {DOI: \href{http://dx.doi.org/10.1016/j.enggeo.2005.08.006}{10.1016/j.enggeo.2005.08.006}},
  Number                   = {1},
  Pages                    = {12-31},
  Volume                   = {82},

  Document_type            = {Article},
  Doi                      = {10.1016/j.enggeo.2005.08.006},
  Source                   = {Scopus},
  % Url                      = {http://www.scopus.com/inward/record.% Url?eid=2-s2.0-28944449195&partnerID=40&md5=9e3e4dd3e1689c981b03a5cc501fe781}
}

@Article{Papazachos1990,
  Title                    = {{Seismicity of the Aegean and the surrounding area}},
  Author                   = {B.C. Papazachos},
  Journal                  = {Tectonophysics},
  Year                     = {1990},
  % Note                     = {DOI: \href{http://dx.doi.org/10.1016/0040-1951(90)90155-2}{10.1016/0040-1951(90)90155-2}},
  Pages                    = {287-308},
  Volume                   = {178},

  Doi                      = {10.1016/0040-1951(90)90155-2},
  Owner                    = {mitsos},
  Timestamp                = {2016.02.02},
  % Url                      = {http://www.sciencedirect.com/science/article/pii/0040195190901552}
}

@Article{Papazachos1991,
  Title                    = {{Regional focal mechanisms for earthquakes in the Aegean Area}},
  Author                   = {B. Papazachos and A. Kiratzi and E. Papadimitriou},
  Journal                  = {Pure Appl. Geophys.},
  Year                     = {1991},
  Pages                    = {407–420},
  Volume                   = {136},

  Owner                    = {danast},
  Timestamp                = {2016.02.07}
}

@Book{Papazachos2003,
  Title                    = {{The Earthquakes of Greece}},
  Author                   = {B. Papazachos and C. Papazachou},
  Editor                   = {B. Papazachos and C. Papazachou},
  Publisher                = {P. Ziti and Co},
  Year                     = {2003},
  % Note                     = {in Greek},

  Owner                    = {mitsos},
  Timestamp                = {2016.02.02}
}

@Book{Papazachos1997,
  Title                    = {{The Earthquakes of Greece}},
  Author                   = {B. Papazachos and C. Papazachou},
  Editor                   = {B. Papazachos and C. Papazachou},
  Publisher                = {P. Ziti and Co},
  Year                     = {1997},

  Owner                    = {mitsos},
  Timestamp                = {2016.02.02}
}

@Article{Papazachos1971,
  Title                    = {{Geophysical and tectonic feuters of the Aegean arc}},
  Author                   = {B. C. Papazachos and P.E. Comninakis},
  Journal                  = {J. Geopys. Res.},
  Year                     = {1971},
  Pages                    = {8517-8533},
  Volume                   = {76},

  Owner                    = {danast},
  Timestamp                = {2016.02.03}
}

@Article{Papazachos2004,
  Title                    = {{Global Relations between seismic fault parameters and moment magnitude of Earthquakes}},
  Author                   = {Papazachos, B. C. and Scordilis, E. M. and Panagiotopoulos, D. G. and Papazachos, C. B. and Karakaisis,` G. F.},
  Journal                  = {Bulletin of the Geological Society of Greece},
  Year                     = {2004},
  Pages                    = {1482-1489},
  Volume                   = {XXXVI},

  Owner                    = {mitsos},
  Timestamp                = {2016.04.02},
  % Url                      = {http://geophysics.geo.auth.gr/new_web_site_2007/download_files/costas_CV/93.pdf}
}

@Article{Papazachos1996129,
  Title                    = {{A detailed study of the active crustal deformation in the Aegean and surrounding area}},
  Author                   = {Papazachos, C.B. and Kiratzi, A.A.},
  Journal                  = {Tectonophysics},
  Year                     = {1996},
  % Note                     = {cited By 128},
  Number                   = {1-2},
  Pages                    = {129-153},
  Volume                   = {253},

  Document_type            = {Article},
  Source                   = {Scopus},
  % Url                      = {http://www.scopus.com/inward/record.% Url?eid=2-s2.0-0029729161&partnerID=40&md5=bb1cc68cc32eadf7885f0e23a2f23aa3}
}

@Article{Papazachos1999,
  Title                    = {{Seismological and GPS evidence for the Aegean-Anatolia Interaction}},
  Author                   = {Papazachos, C. B.},
  Journal                  = {Geophysical Research Letters},
  Year                     = {1999},
  % Note                     = {DOI: \href{http://dx.doi.org/10.1029/1999GL900411}{10.1029/1999GL900411}},
  Number                   = {17},
  Pages                    = {2653--2656},
  Volume                   = {26},

  Doi                      = {10.1029/1999GL900411},
  ISSN                     = {1944-8007},
  Keywords                 = {Tectonophysics: Plate motions—general},
  % Url                      = {http://dx.doi.org/10.1029/1999GL900411}
}

@Article{Papazissi2010,
  Title                    = {{Deformation studies in the Gulf of Patras, Western Greece}},
  Author                   = {K Papazissi and D Anastasiou and A Marinou and C Mitsakaki and X Papanikolaou and D Paradissis},
  Journal                  = {Honorary Volume in honor of D.Arabelo, Professor of the Aristotle University of Thessaloniki},
  Year                     = {2010},

  Owner                    = {danast},
  Timestamp                = {2015.11.14}
}

@Conference{Paradissis2014,
  Title                    = {{Automatic processing data of permanent geodetic GNSS stations for high precision studies.}},
  Author                   = {D Paradissis and D Anastasiou and X Papanikolaou and A Marinou and V Zacharis},
  Booktitle                = {4th National Conference of Surveying and Rural Engineers, Thessaloniki, 26 to 27 September 2014},
  Year                     = {2014},

  Owner                    = {danast},
  Timestamp                = {2015.11.14}
}

@Conference{Paradissis2015,
  Title                    = {{South Aegean Geodynamic And Tsunami Monitoring Platform}},
  Author                   = {Demitris Paradissis and George Drakatos and Aggeliki Marinou and Demitris Anastasiou and Stauroula Alatza and Vangelis Zacharis and Xanthos Papanikolaou and Nicolaos Melis and Ioannis Kalogeras and Gerasimos Chouliaras and Christos Evangelidis and Konstantinos Makropoulos},
  Booktitle                = {European Geosciences Union General Assembly 2015, Vienna, Austria, 12 - 17 April 2015},
  Year                     = {2015},

  Owner                    = {danast},
  Timestamp                = {2015.11.14}
}

@Conference{Paradissis2015a,
  Title                    = {{SEISMO: A multiparametric platform to monitor natural Hazard in South Aegean}},
  Author                   = {D Paradissis and G Drakatos and A Marinou and D Anastasiou and S Alatza and V Zacharis and X Papanikolaou and N Melis and I Kalogeras and G Chouliaras and C Evangelidis and K Makropoulos},
  Booktitle                = {The Volcanic and Geodynamic Field of the South Aegean, International Workshop,20-22 May, Santorini, Greece},
  Year                     = {2015},

  Owner                    = {danast},
  Timestamp                = {2015.11.14}
}

@Conference{Paradissis2015b,
  Title                    = {{South Aegean geodynamic and tsunami monitoring platform project: Preliminary results}},
  Author                   = {D Paradissis and G Drakatos and A Marinou and D Anastasiou and S-D Alatza and V Zacharis and X Papanikolaou and N Melis and I Kalogeras and G Chouliaras and C Evangelidis and K Makropoulos.},
  Booktitle                = {26th General Assembly of the International Union of Geodesy and Geophysics,Prague, Czech Republic, 22/6 - 2/7},
  Year                     = {2015},

  Owner                    = {danast},
  Timestamp                = {2015.11.14}
}

@Article{Parcharidis2009348,
  Title                    = {{Persistent Scatterers InSAR to detect ground deformation over Rio-Antirio area (Western Greece) for the period 1992–2000 }},
  Author                   = {Issaak Parcharidis and Michael Foumelis and Penelope Kourkouli and Urs Wegmuller},
  Journal                  = {Journal of Applied Geophysics },
  Year                     = {2009},
  % Note                     = {DOI: \href{http://dx.doi.org/10.1016/j.jappgeo.2009.02.005}{10.1016/j.jappgeo.2009.02.005}},
  Number                   = {3},
  Pages                    = {348 - 355},
  Volume                   = {68},

  Doi                      = {http://dx.doi.org/10.1016/j.jappgeo.2009.02.005},
  ISSN                     = {0926-9851},
  Keywords                 = {Differential interferometry},
  % Url                      = {http://www.sciencedirect.com/science/article/pii/S092698510900024X}
}

@PhdThesis{Perouse2013,
  Title                    = {{Cinématique et tectonique active de l'Ouest de la Grèce dans le cadre géodynamique de la Méditerranée Centrale et Orientale}},
  Author                   = {Eugénie Pérouse},
  School                   = {Université Orsay - Paris Sud (Paris XI)},
  Year                     = {2013},

  Owner                    = {danast},
  Timestamp                = {2016.03.24}
}

@Article{Perouse2012,
  Title                    = {{Bridging onshore and offshore present-day kinematics of central and eastern Mediterranean: Implications for crustal dynamics and mantle flow}},
  Author                   = {Pérouse, Eugénie and Chamot-Rooke, Nicolas and Rabaute, Alain and Briole, Pierre and Jouanne, François and Georgiev, Ivan and Dimitrov, Dimitar},
  Journal                  = {Geochemistry, Geophysics, Geosystems},
  Year                     = {2012},
  % Note                     = {Q09013. DOI: \href{http://dx.doi.org/10.1029/2012GC004289}{10.1029/2012GC004289}},
  Number                   = {9},
  Pages                    = {n/a--n/a},
  Volume                   = {13},

  Doi                      = {10.1029/2012GC004289},
  ISSN                     = {1525-2027},
  Keywords                 = {Dynamics of lithosphere and mantle: general, Plate boundary: general, Plate motions: present and recent, Balkans, Mediterranean, North Anatolian Fault, current plate motion, strain modeling, toroïdal flow},
  % Url                      = {http://dx.doi.org/10.1029/2012GC004289}
}

@Article{Peter1998,
  Title                    = {{Establishment of a continuous GPS network across the Kephalonia Fault Zone, Ionian islands, Greece}},
  Author                   = {Peter,Y. and Kahle,H. -. and Cocard,M. and Veis,G. and Felekis,S. and Paradissis,D.},
  Journal                  = {Tectonophysics},
  Year                     = {1998},
  % Note                     = {DOI: \href{http://dx.doi.org/10.1016/S0040-1951(98)00103-6}{10.1016/S0040-1951(98)00103-6}},
  Number                   = {3-4},
  Pages                    = {253-260},
  Volume                   = {294},

  Doi                      = {10.1016/S0040-1951(98)00103-6},
  Language                 = {English},
  Owner                    = {danast},
  Timestamp                = {2015.11.14}
}

@Article{Petritis1930,
  Title                    = {Rapport sur les travaux éxecutés en Grèce depuis la troisième assemblée Générale de la Section de Géodésie de l'Union Géodésique et Géophysique Intemationale reunie en Prague en Septembre 1927.},
  Author                   = {Petritis, D. and Hondros, D. and Chrysanthis, A.,},
  Journal                  = {Travaux de Section de Geodesie de I’Union Geodesique et Geophysique Int.,},
  Year                     = {1930},
  % Note                     = {Paris, Vol. 7},

  Owner                    = {mitsos},
  Timestamp                = {2017.06.09}
}

@TechReport{Petroleum1971,
  Title                    = {{The geological results of petroleum exploration in western Greece.}},
  Author                   = {British Petroleum},
  Institution              = {Institute of Geology and Subsurface Research},
  Year                     = {1971},
  % Note                     = {Athens},
  Number                   = {10},

  Owner                    = {danast},
  Timestamp                = {2016.02.07}
}

@Article{Peytier1836,
  Title                    = {{% Note sur les travaux géodésiques et topographiques exécutés dans la Grèce continentale et l’Eubée pendant les années 1833, 1834 et 1935, par des officiers du corps royal d’état-maior}},
  Author                   = {Peytier},
  Journal                  = {Bulletin de la Géographie},
  Year                     = {1836},
  Pages                    = {Tome 16: 311-7.},
  Volume                   = {2me Série},

  Owner                    = {mitsos},
  Timestamp                = {2015.12.17}
}

@Article{Peytier1833,
  Title                    = {{Notice sur les opérations géodésiques executes en Morée, en 1829 et 1830}},
  Author                   = {Peytier and Puillon-Boblaye and Servier},
  Journal                  = {Bulletin de la Géographie},
  Year                     = {1833},
  Pages                    = {Tome 19: 89-106.},

  Owner                    = {mitsos},
  Timestamp                = {2015.12.17}
}

@Article{Plag1998177,
  Title                    = {{Scientific objectives of current and future WEGENER activities}},
  Author                   = {Plag, H.-P. and Ambrosius, B. and Baker, T.F. and Gerhard Beutler and Bianco, G. and Blewitt, G. and Boucher, C. and Davis, J.L. and Degnan, J.J. and Johansson, J.M. and Kahle, H.-G. and Kumkova, I. and Marson, I. and Mueller, S. and Pavlis, E.C. and Pearlman, M.R. and Richter, B. and Spakman, W. and Tatevian, S.K. and Tomasi, P. and Wilson, P. and Zerbini, S.},
  Journal                  = {Tectonophysics},
  Year                     = {1998},
  % Note                     = {DOI: \href{http://dx.doi.org/10.1016/S0040-1951(98)00100-0}{10.1016/S0040-1951(98)00100-0}},
  Number                   = {3-4},
  Pages                    = {177-223},
  Volume                   = {294},

  Document_type            = {Article},
  Doi                      = {10.1016/S0040-1951(98)00100-0},
  Source                   = {Scopus},
  % Url                      = {http://www.scopus.com/inward/record.% Url?eid=2-s2.0-0032456530&partnerID=40&md5=8d829b9f2e7549c2de098ba2191d22ef}
}

@MastersThesis{Pope1966,
  Title                    = {{Strain Analysis of Repeated Triangulation for the Analysis of Crustal Movement}},
  Author                   = {Pope, A.},
  School                   = {Department of Geodetic Science, The Ohio State University, Colombus, Ohio, USA},
  Year                     = {1966},

  Owner                    = {danast},
  Timestamp                = {2015.11.14}
}

@Article{Prescott1981a,
  Title                    = {{The determination of displacement fields from geodetic data along a strike slip fault}},
  Author                   = {W. Prescott},
  Journal                  = {J. Geophys. Res.},
  Year                     = {1981},
  Pages                    = {6067-6072},
  Volume                   = {86},

  Owner                    = {mitsos},
  Timestamp                = {2016.02.01}
}

@Article{Prescott1981,
  Title                    = {{Geodetic measurement of crustal deformation on the San Andreas, Hayward and Calaveras Faults near San Francisco, California}},
  Author                   = {W. Prescott and M. Lisowski and J. Savage},
  Journal                  = {J. Geophys. Res},
  Year                     = {1981},
  Pages                    = {10853-10869},
  Volume                   = {86},

  Owner                    = {mitsos},
  Timestamp                = {2016.02.01}
}

@Article{Prescott1976,
  Title                    = {{An extension of Frank's method for obtaining crustal shear strain from survey data}},
  Author                   = {Prescott, W. H.},
  Journal                  = {Bulletin of the Seismological Society of America},
  Year                     = {1976},
  % Note                     = {December},
  Number                   = {6},
  Pages                    = {1847-1853},
  Volume                   = {66},

  Owner                    = {danast},
  Timestamp                = {2015.11.14}
}

@Standard{Rebischung2012b,
  Title                    = {{IG}b08: an update on {IGS08}, {IGSMAIL}-6663},
  Institution              = {IGSMAIL-6663},
  Organization             = {IGSMAIL-6663},
  Author                   = {Paul Rebischung},
  % Note                     = {% Url: \href{https://igscb.jpl.nasa.gov/pipermail/igsmail/2012/007853.html}{https://igscb.jpl.nasa.gov/pipermail/igsmail/2012/007853.html}},
  % Url                      = {https://igscb.jpl.nasa.gov/pipermail/igsmail/2012/007853.html},
  Year                     = {2012},

  Owner                    = {danast},
  Timestamp                = {2017.06.05}
}

@Article{Rebischung2012,
  Title                    = {{IGS08}: the {IGS} realization of {ITRF2008}},
  Author                   = {P. Rebischung and J. Griffiths and J. Ray and R. Schmid and X. Collilieux and B. Garayt},
  Journal                  = {GPS Solutions},
  Year                     = {2012},

  Month                    = {October},
  Number                   = {4},
  Pages                    = {483–494},
  Volume                   = {16},

  Doi                      = {10.1007/s10291-011-0248-2},
  Owner                    = {danast},
  Timestamp                = {2017.06.05}
}

@Article{Reilinger201022,
  Title                    = {{Geodetic constraints on the tectonic evolution of the Aegean region and strain accumulation along the Hellenic subduction zone }},
  Author                   = {Robert Reilinger and Simon McClusky and Demitris Paradissis and Semih Ergintav and Philippe Vernant},
  Journal                  = {Tectonophysics },
  Year                     = {2010},
  % Note                     = {DOI: \href{http://dx.doi.org/10.1016/j.tecto.2009.05.027}{10.1016/j.tecto.2009.05.027}},
  Number                   = {1–4},
  Pages                    = {22 - 30},
  Volume                   = {488},

  Doi                      = {http://dx.doi.org/10.1016/j.tecto.2009.05.027},
  ISSN                     = {0040-1951},
  Keywords                 = {Aegean neotectonics},
  % Url                      = {http://www.sciencedirect.com/science/article/pii/S0040195109003175}
}

@Article{Reilinger19979983,
  Title                    = {{Global positioning system measurements of present-day crustal movements in the Arabia-Africa-Eurasia plate collision zone}},
  Author                   = {Reilinger, R.E. and McClusky, S.C. and Qral, M.B. and King, R.W. and Toksoz, M.N. and Barka, A.A. and Kinik, I. and Lenk, O. and Sanli, I.},
  Journal                  = {Journal of Geophysical Research B: Solid Earth},
  Year                     = {1997},
  % Note                     = {cited By 394},
  Number                   = {B5},
  Pages                    = {9983-9999},
  Volume                   = {102},

  Art_number               = {96JB03736},
  Document_type            = {Article},
  Source                   = {Scopus},
  % Url                      = {http://www.scopus.com/inward/record.% Url?eid=2-s2.0-0030667447&partnerID=40&md5=97bd98f3b56e95c53a2701d7e916462e}
}

@Article{Reilinger2006,
  Title                    = {{GPS constraints on continental deformation in the Africa-Arabia-Eurasia continental collision zone and implications for the dynamics of plate interactions}},
  Author                   = {Reilinger, R. and McClusky, S. and Vernant, P. and Lawrence, S. and Ergintav, S. and Cakmak, R. and Ozener, H. and Kadirov, F. and Guliev, I. and Stepanyan, R. and Nadariya, M. and Hahubia, G. and Mahmoud, S. and Sakr, K. and ArRajehi, A. and Paradissis, D. and Al-Aydrus, A. and Prilepin, M. and Guseva, T. and Evren, E. and Dmitrotsa, A. and Filikov, S.V. and Gomez, F. and Al-Ghazzi, R. and Karam, G.},
  Journal                  = {Journal of Geophysical Research: Solid Earth},
  Year                     = {2006},
  % Note                     = {cited By 509. DOI: \href{http://dx.doi.org/10.1029/2005JB004051}{10.1029/2005JB004051}},
  Number                   = {5},
  Volume                   = {111},

  Art_number               = {B05411},
  Document_type            = {Article},
  Doi                      = {10.1029/2005JB004051},
  Source                   = {Scopus},
  % Url                      = {http://www.scopus.com/inward/record.% Url?eid=2-s2.0-33745745274&partnerID=40&md5=11de50fa032e9ca216a2553e437f93a5}
}

@Article{Rietbrock1996,
  Title                    = {{Seismic slip on a low angle normal fault in the Gulf of Corinth: Evidence from high-resolution cluster analysis of microearthquakes}},
  Author                   = {Rietbrock,A. and Tiberi,C. and Scherbaum,F. and Lyon-Caen,H.},
  Journal                  = {Geophysical Research Letters},
  Year                     = {1996},
  Number                   = {14},
  Pages                    = {1817-1820},
  Volume                   = {23},

  Language                 = {English},
  Owner                    = {danast},
  Timestamp                = {2015.11.14}
}

@Article{Rigo1996,
  Title                    = {{A microseismic study in the western part of the Gulf of Corinth (Greece): Implications for large-scale normal faulting mechanisms}},
  Author                   = {Rigo,A. and Lyon-Caen,H. and Armijo,R. and Deschamps,A. and Hatzfeld,D. and Makropoulos,K. and Papadimitriou,P. and Kassaras,I.},
  Journal                  = {Geophysical Journal International},
  Year                     = {1996},
  Number                   = {3},
  Pages                    = {663-688},
  Volume                   = {126},

  Language                 = {English},
  Owner                    = {danast},
  Timestamp                = {2015.11.14}
}

@Article{Roberts1996835,
  Title                    = {{Variation in fault-slip directions along active and segmented normal fault systems}},
  Author                   = {Roberts, G.P.},
  Journal                  = {Journal of Structural Geology},
  Year                     = {1996},
  % Note                     = {cited By 70},
  Number                   = {6},
  Pages                    = {835-845},
  Volume                   = {18},

  Document_type            = {Article},
  Source                   = {Scopus},
  % Url                      = {http://www.scopus.com/inward/record.% Url?eid=2-s2.0-0029666718&partnerID=40&md5=95e216ab5109fa5f1e21976ccbf43ebe}
}

@Article{Roberts200023443,
  Title                    = {{Fault-slip directions in central and southern Greece measured from striated and corrugated fault planes: Comparison with focal mechanism and geodetic data}},
  Author                   = {Roberts, G.P. and Ganas, A.},
  Journal                  = {Journal of Geophysical Research: Solid Earth},
  Year                     = {2000},
  % Note                     = {cited By 46},
  Number                   = {B10},
  Pages                    = {23443-23462},
  Volume                   = {105},

  Art_number               = {1999JB900440},
  Document_type            = {Article},
  Source                   = {Scopus},
  % Url                      = {http://www.scopus.com/inward/record.% Url?eid=2-s2.0-0033677359&partnerID=40&md5=fdfdc6a05180ce8ba1b5abd22b547b9c}
}

@Article{Rontogianni2010381,
  Title                    = {{Comparison of geodetic and seismic strain rates in Greece by using a uniform processing approach to campaign GPS measurements over the interval 1994-2000}},
  Author                   = {Rontogianni, S.},
  Journal                  = {Journal of Geodynamics},
  Year                     = {2010},
  % Note                     = {DOI: \href{http://dx.doi.org/10.1016/j.jog.2010.04.008}{10.1016/j.jog.2010.04.008}},
  Number                   = {5},
  Pages                    = {381-399},
  Volume                   = {50},

  Document_type            = {Article},
  Doi                      = {10.1016/j.jog.2010.04.008},
  Source                   = {Scopus},
  % Url                      = {http://www.scopus.com/inward/record.% Url?eid=2-s2.0-77957893045&partnerID=40&md5=a11207b5f012f995aaeffb1158acfdaf}
}

@Article{Rossikopoulos1998271,
  Title                    = {{A rigorous analysis of GPS data to detect crustal deformations. Application in the area of the Ionian Sea}},
  Author                   = {Rossikopoulos, D. and Fotiou, A. and Livieratos, E. and Baldi, P.},
  Journal                  = {Tectonophysics},
  Year                     = {1998},
  % Note                     = {DOI: \href{http://dx.doi.org/10.1016/S0040-1951(98)00105-X}{10.1016/S0040-1951(98)00105-X}},
  Number                   = {3-4},
  Pages                    = {271-280},
  Volume                   = {294},

  Document_type            = {Article},
  Doi                      = {10.1016/S0040-1951(98)00105-X},
  Source                   = {Scopus},
  % Url                      = {http://www.scopus.com/inward/record.% Url?eid=2-s2.0-0032456627&partnerID=40&md5=540dec8afe61c9b80ae082ab79b758f4}
}

@Article{Sachpazi2000301,
  Title                    = {{Western Hellenic subduction and Cephalonia Transform: local earthquakes and plate transport and strain}},
  Author                   = {M. Sachpazi and A. Hirn and C. Clément and F. Haslinger and M. Laigle and E. Kissling and P. Charvis and Y. Hello and J.-C. Lépine and M. Sapin and J. Ansorge},
  Journal                  = {Tectonophysics },
  Year                     = {2000},
  % Note                     = {DOI: \href{http://dx.doi.org/10.1016/S0040-1951(99)00300-5}{10.1016/S0040-1951(99)00300-5}},
  Number                   = {4},
  Pages                    = {301 - 319},
  Volume                   = {319},

  Doi                      = {http://dx.doi.org/10.1016/S0040-1951(99)00300-5},
  ISSN                     = {0040-1951},
  Keywords                 = {Cephalonia Transform Fault},
  % Url                      = {http://www.sciencedirect.com/science/article/pii/S0040195199003005}
}

@Article{Sakkas2015,
  Title                    = {{Fault modelling of the early-2014 ~M6 Earthquakes in Cephalonia Island (W. Greece) based on GPS measurements}},
  Author                   = {Sakkas,V. and Lagios,E.},
  Journal                  = {Tectonophysics},
  Year                     = {2015},
  % Note                     = {DOI: \href{http://dx.doi.org/10.1016/j.tecto.2015.01.010}{10.1016/j.tecto.2015.01.010}},
  Pages                    = {184-196},
  Volume                   = {644},

  Doi                      = {10.1016/j.tecto.2015.01.010},
  Owner                    = {danast},
  Timestamp                = {2015.11.14}
}

@Article{Saltogianni2015,
  Title                    = {{A two-fault model of the 2003 Leucas (Aegean Arc) earthquake based on topological inversion of GPS data}},
  Author                   = {Saltogianni,V. and Stiros,S.},
  Journal                  = {Bulletin of the Seismological Society of America},
  Year                     = {2015},
  % Note                     = {DOI: \href{http://dx.doi.org/10.1785/0120140355}{10.1785/0120140355}},
  Number                   = {5},
  Pages                    = {2510-2520},
  Volume                   = {105},

  Doi                      = {10.1785/0120140355},
  Language                 = {English},
  Owner                    = {danast},
  Timestamp                = {2015.11.14},
  % Url                      = {10.1785/0120140355}
}

@Book{Scholtz2002,
  Title                    = {{The Mechanics of Earthquakes and Faulting}},
  Author                   = {Scholtz, C.H.},
  Publisher                = {Cambridge University Press New York},
  Year                     = {2002},
  % Note                     = {pp.471},

  Owner                    = {mitsos},
  Timestamp                = {2016.04.02}
}

@Article{Scordilis1985388,
  Title                    = {{Evidence for transform faulting in the Ionian sea: The Cephalonia island earthquake sequence of 1983}},
  Author                   = {Scordilis, E.M. and Karakaisis, G.F. and Karacostas, B.G. and Panagiotopoulos, D.G. and Comninakis, P.E. and Papazachos, B.C.},
  Journal                  = {Pure and Applied Geophysics PAGEOPH},
  Year                     = {1985},
  Number                   = {3},
  Pages                    = {388-397},
  Volume                   = {123},

  Document_type            = {Article},
  Doi                      = {10.1007/BF00880738},
  Source                   = {Scopus},
  % Url                      = {http://www.scopus.com/inward/record.% Url?eid=2-s2.0-0022225062&partnerID=40&md5=9f8cd2438b73b85e501aab84c137f611}
}

@Article{Serpelloni2005861,
  Title                    = {{Crustal velocity and strain-rate fields in Italy and surrounding regions: New results from the analysis of permanent and non-permanent GPS networks}},
  Author                   = {Serpelloni, E. and Anzidei, M. and Baldi, P. and Casula, G. and Galvani, A.},
  Journal                  = {Geophysical Journal International},
  Year                     = {2005},
  % Note                     = {cited By 209. DOI: \href{http://dx.doi.org/10.1111/j.1365-246X.2005.02618.x}{10.1111/j.1365-246X.2005.02618.x}},
  Number                   = {3},
  Pages                    = {861-880},
  Volume                   = {161},

  Document_type            = {Review},
  Doi                      = {10.1111/j.1365-246X.2005.02618.x},
  Source                   = {Scopus},
  % Url                      = {http://www.scopus.com/inward/record.% Url?eid=2-s2.0-20444506064&partnerID=40&md5=79c8d2166d49dce480f7ae10b04b8474}
}

@Article{Serpelloni2013,
  Title                    = {{Vertical GPS ground motion rates in the Euro-Mediterranean region: New evidence of velocity gradients at different spatial scales along the Nubia-Eurasia plate boundary}},
  Author                   = {Serpelloni, Enrico and Faccenna, Claudio and Spada, Giorgio and Dong, Danan and Williams, Simon D. P.},
  Journal                  = {Journal of Geophysical Research: Solid Earth},
  Year                     = {2013},
  % Note                     = {DOI: \href{http://dx.doi.org/10.1002/2013JB010102}{10.1002/2013JB010102}},
  Number                   = {11},
  Pages                    = {6003--6024},
  Volume                   = {118},

  Doi                      = {10.1002/2013JB010102},
  ISSN                     = {2169-9356},
  Keywords                 = {Satellite geodesy: results, Tectonic deformation, Non-tectonic deformation, Earth's interior: dynamics, Time series analysis, Global Positioning System, time series analysis, vertical velocities, geodynamics, active tectonics, Mediterranean basin},
  % Url                      = {http://dx.doi.org/10.1002/2013JB010102}
}

@Article{Shaw2010,
  Title                    = {{Earthquake mechanisms and active tectonics of the Hellenic subduction zone}},
  Author                   = {Shaw, Beth and Jackson, James},
  Journal                  = {GEOPHYSICAL JOURNAL INTERNATIONAL},
  Year                     = {2010},

  Month                    = {MAY},
  % Note                     = {DOI: \href{http://dx.doi.org/10.1111/j.1365-246X.2010.04551.x}{10.1111/j.1365-246X.2010.04551.x}},
  Number                   = {2},
  Pages                    = {966-984},
  Volume                   = {181},

  Doi                      = {10.1111/j.1365-246X.2010.04551.x},
  Owner                    = {mitsos},
  Timestamp                = {2016.02.03}
}

@Article{Sokos2015,
  Title                    = {{Rupture process of the 2014 Cephalonia, Greece, earthquake doublet (Mw6) as inferred from regional and local seismic data}},
  Author                   = {Sokos,E. and Kiratzi,A. and Gallovič,F. and Zahradník,J. and Serpetsidaki,A. and Plicka,V. and Janský,J. and Kostelecký,J. and Tselentis,G. -.},
  Journal                  = {Tectonophysics},
  Year                     = {2015},
  % Note                     = {DOI: \href{http://dx.doi.org/10.1016/j.tecto.2015.06.013}{10.1016/j.tecto.2015.06.013}},
  Pages                    = {131-141},
  Volume                   = {656},

  Doi                      = {10.1016/j.tecto.2015.06.013},
  Owner                    = {danast},
  Timestamp                = {2015.11.14}
}

@Article{stiros1993283,
  Title                    = {{Kinematics and deformation of central and southwestern Greece from historical triangulation data and implications for the active tectonics of the Aegean}},
  Author                   = {S.C. Stiros},
  Journal                  = {Tectonophysics},
  Year                     = {1993},
  % Note                     = {DOI: \href{http://dx.doi.org/10.1016/0040-1951(93)90236-D}{10.1016/0040-1951(93)90236-D}},
  Number                   = {1},
  Pages                    = {283 - 300},
  Volume                   = {220},

  Doi                      = {http://dx.doi.org/10.1016/0040-1951(93)90236-D},
  ISSN                     = {0040-1951},
  % Url                      = {http://www.sciencedirect.com/science/article/pii/004019519390236D}
}

@Article{Stiros1988,
  Title                    = {{Model for the North Peloponnesian (Central Greece) uplift}},
  Author                   = {S. Stiros},
  Journal                  = {J. Geodynam.},
  Year                     = {1988},
  Pages                    = {199-214},
  Volume                   = {9},

  Owner                    = {mitsos},
  Timestamp                = {2016.02.01}
}

@Article{Stiros1994,
  Title                    = {{The 1953 earthquake in Cephalonia (Western Hellenic Arc): coastal uplift and halotectonic faulting}},
  Author                   = {S.C. Stiros and P. A. Pirazzoli and J. Laborel and F. Laborel-Deguen},
  Journal                  = {Geophys. J. Int.},
  Year                     = {1994},
  Pages                    = {834-849},
  Volume                   = {117},

  Owner                    = {mitsos},
  Timestamp                = {2016.03.29},
  % Url                      = {http://gji.oxfordjournals.org/content/117/3/834.full.pdf+html}
}

@Article{Suckale2009775,
  Title                    = {{High-resolution seismic imaging of the western Hellenic subduction zone using teleseismic scattered waves}},
  Author                   = {Suckale, J. and Rondenay, S. and Sachpazi, M. and Charalampakis, M. and Hosa, A. and Royden, L.H.},
  Journal                  = {Geophysical Journal International},
  Year                     = {2009},
  % Note                     = {DOI: \href{http://dx.doi.org/10.1111/j.1365-246X.2009.04170.x}{10.1111/j.1365-246X.2009.04170.x}},
  Number                   = {2},
  Pages                    = {775-791},
  Volume                   = {178},

  Document_type            = {Article},
  Doi                      = {10.1111/j.1365-246X.2009.04170.x},
  Source                   = {Scopus},
  % Url                      = {http://www.scopus.com/inward/record.% Url?eid=2-s2.0-67749122096&partnerID=40&md5=2e02a49472c186045bda8f869d7cae26}
}

@Article{Takos1989,
  Title                    = {{New adjustment of triangulation networks in Greece}},
  Author                   = {J. Takos},
  Journal                  = {Bull. Hell. Mil. Geogr. Serv.},
  Year                     = {1989},
  % Note                     = {in Greek},
  Pages                    = {19-93},
  Volume                   = {136},

  Owner                    = {mitsos},
  Timestamp                = {2016.02.01}
}

@Article{Tarantola1982159,
  Title                    = {{Inverse problems = quest for information.}},
  Author                   = {Tarantola, A. and Valette, B.},
  Journal                  = {Journal of Geophysics - Zeitschrift fur Geophysik},
  Year                     = {1982},
  % Note                     = {cited By 459},
  Number                   = {3},
  Pages                    = {159-170},
  Volume                   = {50},

  Source                   = {Scopus},
  % Url                      = {http://www.scopus.com/inward/record.% Url?eid=2-s2.0-0019910307&partnerID=40&md5=40eac788931ec6d9837afef9b700f76c}
}

@Article{Tarantola1982219,
  Title                    = {{Generalized nonlinear inverse problems solved using the least squares criterion}},
  Author                   = {Tarantola, A. and Valette, B.},
  Journal                  = {Reviews of Geophysics},
  Year                     = {1982},
  % Note                     = {cited By 833. DOI: \href{http://dx.doi.org/10.1029/RG020i002p00219}{10.1029/RG020i002p00219}},
  Number                   = {2},
  Pages                    = {219-232},
  Volume                   = {20},

  Document_type            = {Review},
  Doi                      = {10.1029/RG020i002p00219},
  Source                   = {Scopus},
  % Url                      = {http://www.scopus.com/inward/record.% Url?eid=2-s2.0-0019999145&partnerID=40&md5=49593e05a1aa9e6cbc297369ac97ce41}
}

@Article{Taymaz1991,
  Title                    = {{Active tectonics of the north and central Aegean Sea.}},
  Author                   = {Taymaz,T. and Jackson,J. and McKenzie,D.},
  Journal                  = {Geophysical Journal International},
  Year                     = {1991},
  % Note                     = {DOI: \href{http://dx.doi.org/10.1111/j.1365-246X.1991.tb03906.x}{10.1111/j.1365-246X.1991.tb03906.x}},
  Pages                    = {433-490},
  Volume                   = {106},

  Doi                      = {10.1111/j.1365-246X.1991.tb03906.x},
  Owner                    = {mitsos},
  Timestamp                = {2016.02.02},
  % Url                      = {http://onlinelibrary.wiley.com/doi/10.1111/j.1365-246X.1991.tb03906.x/abstract}
}

@Article{Theodoulidis2015,
  Title                    = {{The Cephalonia, Greece, January 26 (M6.1) and February 3, 2014 (M6.0) earthquakes: near-fault ground motion and effects on soil and structures}},
  Author                   = {Theodoulidis,N. and Karakostas,C. and Lekidis,V. and Makra,K. and Margaris,B. and Morfidis,K. and Papaioannou,C. and Rovithis,E. and Salonikios,T. and Savvaidis,A.},
  Journal                  = {Bulletin of Earthquake Engineering},
  Year                     = {2016},

  Month                    = {January},
  Number                   = {1},
  Pages                    = {1-38},
  Volume                   = {14},

  Doi                      = {10.1007/s10518-015-9807-1},
  Owner                    = {danast},
  Timestamp                = {2015.11.14}
}

@Article{Theodulidis1992387,
  Title                    = {{Dependence of strong ground motion on magnitude-distance, site geology and macroseismic intensity for shallow earthquakes in Greece: I, Peak horizontal acceleration, velocity and displacement}},
  Author                   = {N.P. Theodulidis and B.C. Papazachos},
  Journal                  = {Soil Dynamics and Earthquake Engineering },
  Year                     = {1992},
  % Note                     = {DOI: \href{http://dx.doi.org/10.1016/0267-7261(92)90003-V}{10.1016/0267-7261(92)90003-V}},
  Number                   = {7},
  Pages                    = {387 - 402},
  Volume                   = {11},

  Doi                      = {http://dx.doi.org/10.1016/0267-7261(92)90003-V},
  ISSN                     = {0267-7261},
  Keywords                 = {attenuation of strong motion},
  % Url                      = {http://www.sciencedirect.com/science/article/pii/026772619290003V}
}

@Article{Toda2005,
  Title                    = {{Forecasting the evolution of seismicity in southern California: Animations built on earthquake stress transfer}},
  Author                   = {Toda, Shinji and Stein, Ross S. and Richards-Dinger, Keith and Bozkurt, Serkan B.},
  Journal                  = {Journal of Geophysical Research: Solid Earth},
  Year                     = {2005},
  % Note                     = {DOI: \href{http://dx.doi.org/10.1029/2004JB003415}{10.1029/2004JB003415}},
  Number                   = {B5},
  Pages                    = {n/a--n/a},
  Volume                   = {110},

  Doi                      = {10.1029/2004JB003415},
  ISSN                     = {2156-2202},
  Keywords                 = {Earthquake interaction, forecasting, and prediction, Earthquake dynamics, Dynamics and mechanics of faulting, Dynamics: seismotectonics, stress triggering, Landers, Hector Mine},
  % Url                      = {http://dx.doi.org/10.1029/2004JB003415}
}

@Article{Tselentis1997,
  Title                    = {{The winter 1991-1992 earthquake sequence at Cephalonia Island, Western Greece}},
  Author                   = {Tselentis,G. -. and Melis,N. S. and Sokos,E. and Beltas,P.},
  Journal                  = {Pure and Applied Geophysics},
  Year                     = {1997},
  Number                   = {1},
  Pages                    = {75-89},
  Volume                   = {150},

  Language                 = {English},
  Owner                    = {danast},
  Timestamp                = {2015.11.14}
}

@Article{Tsodoulos2008211,
  Title                    = {{Tectonic geomorphology of the easternmost extension of the Gulf of Corinth (Beotia, Central Greece)}},
  Author                   = {Tsodoulos, I.M. and Koukouvelas, I.K. and Pavlides, S.},
  Journal                  = {Tectonophysics},
  Year                     = {2008},
  % Note                     = {DOI: \href{http://dx.doi.org/10.1016/j.tecto.2007.06.015}{10.1016/j.tecto.2007.06.015}},
  Number                   = {1-4},
  Pages                    = {211-232},
  Volume                   = {453},

  Document_type            = {Article},
  Doi                      = {10.1016/j.tecto.2007.06.015},
  Source                   = {Scopus},
  % Url                      = {http://www.scopus.com/inward/record.% Url?eid=2-s2.0-44649110290&partnerID=40&md5=100ff6537a32aa386a208eaacbf58a2e}
}

@Article{Valkaniotis2014,
  Title                    = {{Field observations of geological effects triggered by the January-February 2014 Cephalonia (Ionian Sea, Greece) earthquakes}},
  Author                   = {Valkaniotis,S. and Ganas,A. and Papathanassiou,G. and Papanikolaou,M.},
  Journal                  = {Tectonophysics},
  Year                     = {2014},
  % Note                     = {DOI: \href{http://dx.doi.org/10.1016/j.tecto.2014.05.012}{10.1016/j.tecto.2014.05.012}},
  Number                   = {C},
  Pages                    = {150-157},
  Volume                   = {630},

  Doi                      = {10.1016/j.tecto.2014.05.012},
  Owner                    = {danast},
  Timestamp                = {2015.11.14}
}

@Book{Vanicek1972,
  Title                    = {Tensors},
  Author                   = {Vaníček, P.},
  Publisher                = {Department of Surveying Engineering Lecture % Notes 27, University of New Brunswick,},
  Year                     = {1972},

  Owner                    = {mitsos},
  Timestamp                = {2017.06.10}
}

@Article{Vassilakis2011108,
  Title                    = {{Kinematic links between subduction along the Hellenic trench and extension in the Gulf of Corinth, Greece: A multidisciplinary analysis}},
  Author                   = {E. Vassilakis and L. Royden and D. Papanikolaou},
  Journal                  = {Earth and Planetary Science Letters},
  Year                     = {2011},
  % Note                     = {DOI: \href{http://dx.doi.org/10.1016/j.epsl.2010.12.054}{10.1016/j.epsl.2010.12.054}},
  Number                   = {1–2},
  Pages                    = {108 - 120},
  Volume                   = {303},

  Doi                      = {http://dx.doi.org/10.1016/j.epsl.2010.12.054},
  ISSN                     = {0012-821X},
  Keywords                 = {Gulf of Corinth},
  % Url                      = {http://www.sciencedirect.com/science/article/pii/S0012821X11000021}
}

@Article{Vassilakis2006,
  Title                    = {{Extensional neotectonic structures adjacent and sub-parallel to the Hellenic trench}},
  Author                   = {Vassilakis, E. and L. Royden and D. Papanikolaou},
  Journal                  = {GSA Abstracts with Program,Philadelphia},
  Year                     = {2006},
  Volume                   = {38/7},
  Owner                    = {mitsos},
  Timestamp                = {2016.03.28},
  % Url                      = {http://users.uoa.gr/~evasilak/pages/pdfs/20%20poster_EXTENSIONAL_NEOTECTONICS.pdf}
}

@Article{Veis1992,
  Title                    = {{Tectonic strain in Greece from geodetic measurements}},
  Author                   = {Veis,G. and Billiris,H. and Nakos,B. and Paradissis,D.},
  Journal                  = {C.R.Acad.Sci.Athens},
  Year                     = {1992},
  Pages                    = {129-166},
  Volume                   = {67},

  Owner                    = {danast},
  Timestamp                = {2015.11.14}
}

@Article{Wells1994,
  Title                    = {{New Empirical Relationships among Magnitude, Rupture Length, Rupture Width, Rupture Area, and Surface Displacement}},
  Author                   = {Donald L. Wells and Kevin J. Coppersmith},
  Journal                  = {Bulletin of the Seismological Society of America},
  Year                     = {1994},

  Month                    = {August},
  Number                   = {4},
  Pages                    = {974-1002},
  Volume                   = {84},

  Owner                    = {mitsos},
  Timestamp                = {2016.04.02},
  % Url                      = {http://seismo.berkeley.edu/~rallen/teaching/eps256-s07/WellsCoppersmith1994.pdf}
}

@Article{Wessel2017,
  Title                    = {{The GMT/MATLAB Toolbox}},
  Author                   = {Wessel, Paul and Luis, Joaquim F.},
  Journal                  = {Geochemistry, Geophysics, Geosystems},
  Year                     = {2017},
  % Note                     = {DOI: \href{http://dx.doi.org/10.1002/2016GC006723}{10.1002/2016GC006723}},
  Number                   = {2},
  Pages                    = {811--823},
  Volume                   = {18},

  Doi                      = {10.1002/2016GC006723},
  ISSN                     = {1525-2027},
  Keywords                 = {Data presentation and visualization, Interoperability, Portals and user interfaces, Software re-use, MATLAB, Octave, GMT, interoperability},
  % Url                      = {http://dx.doi.org/10.1002/2016GC006723}
}

@Article{Wessel1991,
  Title                    = {{Free software helps map and display data}},
  Author                   = {Wessel,P. and Smith,W. H. F.},
  Journal                  = {Eos},
  Year                     = {1991},
  Number                   = {41},
  Pages                    = {441,445-446},
  Volume                   = {72},

  Language                 = {English},
  Owner                    = {danast},
  Timestamp                = {2015.11.14}
}

@Article{Wessel2013,
  Title                    = {{Generic Mapping Tools: Improved Version Released}},
  Author                   = {Wessel, Paul and Smith, Walter H. F. and Scharroo, Remko and Luis, Joaquim and Wobbe, Florian},
  Journal                  = {Eos, Transactions American Geophysical Union},
  Year                     = {2013},
  % Note                     = {DOI: \href{http://dx.doi.org/10.1002/2013EO450001}{10.1002/2013EO450001}},
  Number                   = {45},
  Pages                    = {409--410},
  Volume                   = {94},

  Doi                      = {10.1002/2013EO450001},
  ISSN                     = {2324-9250},
  Keywords                 = {Software tools and services, Geospatial, GIS science, scientific software, mapping},
  % Url                      = {http://dx.doi.org/10.1002/2013EO450001}
}

@Article{Xu2006125,
  Title                    = {{Time varying seismicity in Greece: Hurst's analysis and Monte Carlo simulation applied to a new earthquake catalogue for Greece}},
  Author                   = {Yebang Xu and Paul W. Burton},
  Journal                  = {Tectonophysics },
  Year                     = {2006},
  % Note                     = {DOI: \href{http://dx.doi.org/10.1016/j.tecto.2006.03.006}{10.1016/j.tecto.2006.03.006}},
  Number                   = {1–4},
  Pages                    = {125 - 136},
  Volume                   = {423},

  Doi                      = {http://dx.doi.org/10.1016/j.tecto.2006.03.006},
  ISSN                     = {0040-1951},
  Keywords                 = {Earthquake},
  % Url                      = {http://www.sciencedirect.com/science/article/pii/S004019510600179X}
}

@Conference{Zacharis2015,
  Title                    = {{Monitoring sea level fluctuation in South Aegean}},
  Author                   = {Vangelis Zacharis and Demitris Paradissis and George Drakatos and Aggeliki Marinou and Nicolaos Melis and Demitris Anastasiou and Stavroula Alatza and Xanthos Papanikolaou},
  Booktitle                = {European Geosciences Union General Assembly 2015, Vienna, Austria, 12 - 17 April 2015},
  Year                     = {2015},

  Owner                    = {danast},
  Timestamp                = {2015.11.14}
}

@Conference{Zacharis2015a,
  Title                    = {{Evaluating sea level changes in South Aegean}},
  Author                   = {V Zacharis and D Paradissis and G Drakatos and A Marinou and N Melis and D Anastasiou and S Alatza and X Papanikolaou},
  Booktitle                = {The Volcanic and Geodynamic Field of the South Aegean, International Workshop, 20-22 May, Santorini, Greece},
  Year                     = {2015},

  Owner                    = {danast},
  Timestamp                = {2015.11.14}
}

@Article{Zelt2005257,
  Title                    = {{Crustal velocity and Moho structure beneath the Gulf of Corinth, Greece}},
  Author                   = {Zelt, B.C. and Taylor, B. and Sachpazi, M. and Hirn, A.},
  Journal                  = {Geophysical Journal International},
  Year                     = {2005},
  % Note                     = {DOI: \href{http://dx.doi.org/10.1111/j.1365-246X.2005.02640.x}{10.1111/j.1365-246X.2005.02640.x}},
  Number                   = {1},
  Pages                    = {257-268},
  Volume                   = {162},

  Document_type            = {Article},
  Doi                      = {10.1111/j.1365-246X.2005.02640.x},
  Source                   = {Scopus},
  % Url                      = {http://www.scopus.com/inward/record.% Url?eid=2-s2.0-21644464809&partnerID=40&md5=5112612a90adb6a98f4e2af893079c7e}
}

@PhdThesis{Gegkas2014,
  Title                    = {{Ανάλυση μικρομετακινήσεων στη περιοχή του Νοτίου Αιγαίου Πελάγους με συνδιασμό ιστορικών γεωδαιτικών, γεωφυσικών και σύγχρονων δορυφορικών μετρήσεων}},
  Author                   = {A. Γκέκας},
  School                   = {Σχολή Αγρονόμων και Τοπογράφων Μηχανικών ΕΜΠ},
  Year                     = {2014},

  Owner                    = {danast},
  Timestamp                = {2016.04.07}
}

@Book{Katsimidis1907,
  Title                    = {{Στρατιωτική Τοπογραφία}},
  Author                   = {A. Κατσιμήδης},
  Publisher                = {Τυπογραφείο Εστία, Αθήνα},
  Year                     = {1907},
  Edition                  = {2η έκδοση},

  Owner                    = {mitsos},
  Timestamp                = {2015.12.17}
}

@PhdThesis{Marinou2014,
  Title                    = {{Μελέτη παραμορφώσεων σε περιοχή της κεντρικής Ελλάδας από μετρήσεις GPS εικοσαετίας}},
  Author                   = {A. Μαρίνου},
  School                   = {Σχολή Αγρονόμων και Τοπογράφων Μηχανικών ΕΜΠ},
  Year                     = {2014},

  Owner                    = {danast},
  Timestamp                = {2016.04.07}
}

@Book{Mattheopoulos1898,
  Title                    = {{Υδρογραφία. Υποτύπωσης και κατασκευή των ναυτικών χαρτών}},
  Author                   = {M. Ματθαιόπουλος},
  Publisher                = {Εθνικό Τυπογραφείο, Αθήνα},
  Year                     = {1898},

  Owner                    = {mitsos},
  Timestamp                = {2015.12.17}
}

@Article{nakos2011,
  Title                    = {{Η χαρτογραφική διάσταση των γεωδαιτικών εργασιών στο νεοελληνικό κράτος}},
  Author                   = {B. Νάκος},
  Journal                  = {Οι ανθρωπιστικές και κοινωνικές επιστήμες στο ΕΜΠ: Γόνιμες εξακτινώσεις},
  Year                     = {2011},
  Pages                    = {281-292},

  Owner                    = {mitsos},
  Timestamp                = {2015.12.17}
}

@Article{Paradeisopoulou2008,
  Title                    = {{Μεταβολές των τάσεων Coulomb - Εφαρμογή στον ευρύτερο χώρο του Αιγαίου}},
  Author                   = {P. Παραδεισοπούλου and E. Παπαδημητρίου and B. Καρακώστας and Stanislaw Lasocki and Janusz Mirek and A. Κίλια},
  Journal                  = {3ο Πανελλήνιο Συνέδριο Αντισεισμικής Μηχανικής \& Τεχνικής Σεισμολογίας},
  Year                     = {2008},
  % Note                     = {Άρθρο 1900},

  Owner                    = {mitsos},
  Timestamp                = {2016.04.02},
  % Url                      = {ftp://83.212.103.160/docs/papers/last160401/m2368_paradisopoulou.pdf}
}

@Manual{mysql,
  Title                    = {{MySQL 5.7 Reference Manual}},

  Owner                    = {danast},
  Timestamp                = {2016.01.18},
  % Url                      = {http://dev.mysql.com/doc/refman/5.7/en/}
}
